<?xml version="1.0" encoding="UTF-8"?>
<!DOCTYPE html PUBLIC "-//W3C//DTD XHTML 1.0 Transitional//EN"
    "http://www.w3.org/TR/xhtml1/DTD/xhtml1-transitional.dtd">
<html xmlns="http://www.w3.org/1999/xhtml" xml:lang="en" lang="en">
 <head>
  <title>
</title>
<meta http-equiv="Content-Type" content="text/html;charset=utf-8" />
  <meta name='ocr-system' content='tesseract 3.04.00' />
  <meta name='ocr-capabilities' content='ocr_page ocr_carea ocr_par ocr_line ocrx_word'/>
</head>
<body>
  <div class='ocr_page' id='page_1' title='image "./benedictidespin00spingoog_0271.png"; bbox 0 0 2662 4290; ppageno 0'>
   <div class='ocr_carea' id='block_1_1' title="bbox 201 299 898 357">
    <p class='ocr_par' dir='ltr' id='par_1_1' title="bbox 201 299 898 357">
     <span class='ocr_line' id='line_1_1' title="bbox 201 299 898 357; baseline -0.003 0"><span class='ocrx_word' id='word_1_1' title='bbox 201 299 260 357; x_wconf 82' lang='lat'>258</span> <span class='ocrx_word' id='word_1_2' title='bbox 577 314 764 354; x_wconf 78' lang='lat' dir='ltr'>conrenmun</span> <span class='ocrx_word' id='word_1_3' title='bbox 786 316 898 355; x_wconf 68' lang='lat' dir='ltr'>annun.</span> 
     </span>
    </p>
   </div>
   <div class='ocr_carea' id='block_1_2' title="bbox 200 482 1279 1442">
    <p class='ocr_par' dir='ltr' id='par_1_2' title="bbox 200 482 1279 1442">
     <span class='ocr_line' id='line_1_2' title="bbox 200 482 1277 558; baseline -0.002 -16"><span class='ocrx_word' id='word_1_4' title='bbox 200 484 240 543; x_wconf 84' lang='lat' dir='ltr'>eit</span> <span class='ocrx_word' id='word_1_5' title='bbox 270 487 292 541; x_wconf 81' lang='grc' dir='ltr'><strong>Π</strong></span> <span class='ocrx_word' id='word_1_6' title='bbox 322 503 386 542; x_wconf 89' lang='lat' dir='ltr'>cum</span> <span class='ocrx_word' id='word_1_7' title='bbox 408 482 536 558; x_wconf 76' lang='lat' dir='ltr'>meppilr,</span> <span class='ocrx_word' id='word_1_8' title='bbox 560 483 606 540; x_wconf 86' lang='lat' dir='ltr'>vol</span> <span class='ocrx_word' id='word_1_9' title='bbox 629 483 795 557; x_wconf 82' lang='lat' dir='ltr'>praecedens</span> <span class='ocrx_word' id='word_1_10' title='bbox 817 482 913 554; x_wconf 90' lang='lat' dir='ltr'>dictio,</span> <span class='ocrx_word' id='word_1_11' title='bbox 935 482 965 541; x_wconf 89' lang='lat' dir='ltr'>in</span> <span class='ocrx_word' id='word_1_12' title='bbox 987 483 1183 558; x_wconf 78' lang='lat' dir='ltr'>quiescentem</span> <span class='ocrx_word' id='word_1_13' title='bbox 1206 482 1277 541; x_wconf 84' lang='lat' dir='ltr'>desi-</span> 
     </span>
     <span class='ocr_line' id='line_1_3' title="bbox 200 563 1278 639; baseline -0.005 -15"><span class='ocrx_word' id='word_1_14' title='bbox 200 585 282 634; x_wconf 78' lang='lat' dir='ltr'>nam,</span> <span class='ocrx_word' id='word_1_15' title='bbox 305 584 442 638; x_wconf 81' lang='lat' dir='ltr'>magnum</span> <span class='ocrx_word' id='word_1_16' title='bbox 464 564 571 621; x_wconf 85' lang='lat' dir='ltr'>lrabeat</span> <span class='ocrx_word' id='word_1_17' title='bbox 592 568 752 621; x_wconf 83' lang='lat' dir='ltr'>accentum.</span> <span class='ocrx_word' id='word_1_18' title='bbox 784 563 914 638; x_wconf 81' lang='lat' dir='ltr'>Denique</span> <span class='ocrx_word' id='word_1_19' title='bbox 930 563 1015 621; x_wconf 87' lang='lat' dir='ltr'>litera</span> <span class='ocrx_word' id='word_1_20' title='bbox 1029 564 1158 639; x_wconf 87' lang='lat' dir='ltr'>ejusdem</span> <span class='ocrx_word' id='word_1_21' title='bbox 1173 563 1278 638; x_wconf 83' lang='lat' dir='ltr'>organi</span> 
     </span>
     <span class='ocr_line' id='line_1_4' title="bbox 200 643 1277 720; baseline -0.004 -16"><span class='ocrx_word' id='word_1_22' title='bbox 200 665 279 720; x_wconf 83' lang='lat' dir='ltr'>eaepo</span> <span class='ocrx_word' id='word_1_23' title='bbox 306 644 336 702; x_wconf 94' lang='lat' dir='ltr'>in</span> <span class='ocrx_word' id='word_1_24' title='bbox 366 644 515 718; x_wconf 77' lang='lat' dir='ltr'>Scriptura</span> <span class='ocrx_word' id='word_1_25' title='bbox 538 664 595 701; x_wconf 88' lang='lat' dir='ltr'>una</span> <span class='ocrx_word' id='word_1_26' title='bbox 616 663 668 718; x_wconf 91' lang='lat' dir='ltr'>pro</span> <span class='ocrx_word' id='word_1_27' title='bbox 690 643 747 701; x_wconf 90' lang='lat' dir='ltr'>alia</span> <span class='ocrx_word' id='word_1_28' title='bbox 768 650 934 718; x_wconf 75' lang='lat' dir='ltr'>uenrpntnr,</span> <span class='ocrx_word' id='word_1_29' title='bbox 957 649 988 702; x_wconf 92' lang='lat' dir='ltr'>ut</span> <span class='ocrx_word' id='word_1_30' title='bbox 1010 647 1034 702; x_wconf 69' lang='lat' dir='ltr'>N</span> <span class='ocrx_word' id='word_1_31' title='bbox 1054 663 1107 719; x_wconf 91' lang='lat' dir='ltr'>pro</span> <span class='ocrx_word' id='word_1_32' title='bbox 1127 645 1158 707; x_wconf 77' lang='lat' dir='ltr'>ll.</span> <span class='ocrx_word' id='word_1_33' title='bbox 1181 645 1202 700; x_wconf 78' lang='lat' dir='ltr'><strong>D</strong></span> <span class='ocrx_word' id='word_1_34' title='bbox 1225 664 1277 718; x_wconf 88' lang='lat' dir='ltr'>pro</span> 
     </span>
     <span class='ocr_line' id='line_1_5' title="bbox 201 723 1278 800; baseline -0.001 -18"><span class='ocrx_word' id='word_1_35' title='bbox 201 729 218 786; x_wconf 77' lang='lat' dir='ltr'>t</span> <span class='ocrx_word' id='word_1_36' title='bbox 237 728 257 782; x_wconf 75' lang='lat'>2</span> <span class='ocrx_word' id='word_1_37' title='bbox 278 745 330 800; x_wconf 90' lang='lat' dir='ltr'>pro</span> <span class='ocrx_word' id='word_1_38' title='bbox 350 727 379 793; x_wconf 77' lang='lat' dir='ltr'>a,</span> <span class='ocrx_word' id='word_1_39' title='bbox 401 726 424 781; x_wconf 73' lang='lat' dir='ltr'>u</span> <span class='ocrx_word' id='word_1_40' title='bbox 444 744 496 798; x_wconf 90' lang='lat' dir='ltr'>pro</span> <span class='ocrx_word' id='word_1_41' title='bbox 515 724 547 792; x_wconf 80' lang='grc' dir='ltr'>Π,</span> <span class='ocrx_word' id='word_1_42' title='bbox 570 729 624 781; x_wconf 83' lang='lat' dir='ltr'>otc.</span> <span class='ocrx_word' id='word_1_43' title='bbox 649 723 730 793; x_wconf 83' lang='lat' dir='ltr'>Quod</span> <span class='ocrx_word' id='word_1_44' title='bbox 752 729 821 797; x_wconf 91' lang='lat' dir='ltr'>puto</span> <span class='ocrx_word' id='word_1_45' title='bbox 842 724 909 782; x_wconf 90' lang='lat' dir='ltr'>inde</span> <span class='ocrx_word' id='word_1_46' title='bbox 930 724 1071 795; x_wconf 87' lang='lat' dir='ltr'>evenisse,</span> <span class='ocrx_word' id='word_1_47' title='bbox 1091 724 1167 799; x_wconf 91' lang='lat' dir='ltr'>quod</span> <span class='ocrx_word' id='word_1_48' title='bbox 1184 724 1278 798; x_wconf 79' lang='lat' dir='ltr'>Scrip-</span> 
     </span>
     <span class='ocr_line' id='line_1_6' title="bbox 203 803 1277 880; baseline -0.003 -16"><span class='ocrx_word' id='word_1_49' title='bbox 203 812 269 864; x_wconf 89' lang='lat' dir='ltr'>tura</span> <span class='ocrx_word' id='word_1_50' title='bbox 301 808 337 863; x_wconf 90' lang='lat' dir='ltr'>ab</span> <span class='ocrx_word' id='word_1_51' title='bbox 369 804 532 862; x_wconf 84' lang='lat' dir='ltr'>hominibus</span> <span class='ocrx_word' id='word_1_52' title='bbox 560 804 683 862; x_wconf 71' lang='lat' dir='ltr'>diversae</span> <span class='ocrx_word' id='word_1_53' title='bbox 712 803 826 862; x_wconf 83' lang='lat' dir='ltr'>dialecti</span> <span class='ocrx_word' id='word_1_54' title='bbox 855 803 910 862; x_wconf 90' lang='lat' dir='ltr'>fuit</span> <span class='ocrx_word' id='word_1_55' title='bbox 930 803 1046 879; x_wconf 82' lang='lat' dir='ltr'>scripta,</span> <span class='ocrx_word' id='word_1_56' title='bbox 1070 809 1098 862; x_wconf 93' lang='lat' dir='ltr'>et</span> <span class='ocrx_word' id='word_1_57' title='bbox 1121 805 1198 880; x_wconf 90' lang='lat' dir='ltr'>quod</span> <span class='ocrx_word' id='word_1_58' title='bbox 1218 805 1277 879; x_wconf 85' lang='lat' dir='ltr'>jam</span> 
     </span>
     <span class='ocr_line' id='line_1_7' title="bbox 201 883 1278 959; baseline -0.002 -16"><span class='ocrx_word' id='word_1_59' title='bbox 201 885 315 944; x_wconf 81' lang='lat' dir='ltr'>dialecti</span> <span class='ocrx_word' id='word_1_60' title='bbox 337 905 395 943; x_wconf 92' lang='lat' dir='ltr'>non</span> <span class='ocrx_word' id='word_1_61' title='bbox 417 884 633 958; x_wconf 79' lang='lat' dir='ltr'>dignoscantur,</span> <span class='ocrx_word' id='word_1_62' title='bbox 657 884 739 959; x_wconf 83' lang='lat' dir='ltr'>cujus</span> <span class='ocrx_word' id='word_1_63' title='bbox 760 883 869 942; x_wconf 77' lang='lat' dir='ltr'>scilicet</span> <span class='ocrx_word' id='word_1_64' title='bbox 891 884 983 942; x_wconf 80' lang='lat' dir='ltr'>tribus</span> <span class='ocrx_word' id='word_1_65' title='bbox 1005 886 1067 943; x_wconf 77' lang='lat' dir='ltr'>lraec</span> <span class='ocrx_word' id='word_1_66' title='bbox 1088 884 1135 942; x_wconf 88' lang='lat' dir='ltr'>vel</span> <span class='ocrx_word' id='word_1_67' title='bbox 1156 884 1206 942; x_wconf 90' lang='lat' dir='ltr'>illa</span> <span class='ocrx_word' id='word_1_68' title='bbox 1221 884 1278 941; x_wconf 90' lang='lat' dir='ltr'>dia·</span> 
     </span>
     <span class='ocr_line' id='line_1_8' title="bbox 200 963 1279 1039; baseline -0.003 -15"><span class='ocrx_word' id='word_1_69' title='bbox 200 967 293 1024; x_wconf 87' lang='lat' dir='ltr'>lectus</span> <span class='ocrx_word' id='word_1_70' title='bbox 313 965 409 1023; x_wconf 87' lang='lat' dir='ltr'>fuerit.</span> <span class='ocrx_word' id='word_1_71' title='bbox 434 964 516 1034; x_wconf 83' lang='lat' dir='ltr'>Quod</span> <span class='ocrx_word' id='word_1_72' title='bbox 538 969 634 1022; x_wconf 84' lang='lat' dir='ltr'>autem</span> <span class='ocrx_word' id='word_1_73' title='bbox 656 965 719 1022; x_wconf 76' lang='lat' dir='ltr'>lnuc</span> <span class='ocrx_word' id='word_1_74' title='bbox 732 963 833 1039; x_wconf 81' lang='lat' dir='ltr'>lingua</span> <span class='ocrx_word' id='word_1_75' title='bbox 847 965 902 1023; x_wconf 91' lang='lat' dir='ltr'>hoc</span> <span class='ocrx_word' id='word_1_76' title='bbox 916 984 1065 1023; x_wconf 89' lang='lat' dir='ltr'>connnune</span> <span class='ocrx_word' id='word_1_77' title='bbox 1080 984 1145 1023; x_wconf 91' lang='lat' dir='ltr'>cum</span> <span class='ocrx_word' id='word_1_78' title='bbox 1160 963 1279 1039; x_wconf 89' lang='lat' dir='ltr'>reliquis</span> 
     </span>
     <span class='ocr_line' id='line_1_9' title="bbox 201 1042 1277 1120; baseline -0.003 -16"><span class='ocrx_word' id='word_1_79' title='bbox 201 1046 344 1114; x_wconf 84' lang='lat' dir='ltr'>habuerit,</span> <span class='ocrx_word' id='word_1_80' title='bbox 373 1050 489 1103; x_wconf 83' lang='lat' dir='ltr'>constat</span> <span class='ocrx_word' id='word_1_81' title='bbox 517 1065 551 1102; x_wconf 84' lang='lat' dir='ltr'>ex</span> <span class='ocrx_word' id='word_1_82' title='bbox 578 1044 642 1120; x_wconf 84' lang='lat' dir='ltr'>ipsa</span> <span class='ocrx_word' id='word_1_83' title='bbox 671 1044 829 1120; x_wconf 77' lang='lat' dir='ltr'>Scriptura.</span> <span class='ocrx_word' id='word_1_84' title='bbox 852 1042 924 1103; x_wconf 85' lang='lat' dir='ltr'>Nam</span> <span class='ocrx_word' id='word_1_85' title='bbox 947 1044 1137 1120; x_wconf 65' lang='lat' dir='ltr'>ephraitae</span> <span class='ocrx_word' id='word_1_86' title='bbox 1161 1046 1277 1102; x_wconf 82' lang='lat' dir='ltr'>Somerd</span> 
     </span>
     <span class='ocr_line' id='line_1_10' title="bbox 201 1124 1278 1201; baseline -0.002 -17"><span class='ocrx_word' id='word_1_87' title='bbox 201 1145 254 1201; x_wconf 91' lang='lat' dir='ltr'>pro</span> <span class='ocrx_word' id='word_1_88' title='bbox 275 1129 304 1184; x_wconf 63' lang='grc' dir='ltr'>Β·</span> <span class='ocrx_word' id='word_1_89' title='bbox 325 1126 431 1200; x_wconf 85' lang='lat' dir='ltr'>ubique</span> <span class='ocrx_word' id='word_1_90' title='bbox 452 1128 641 1199; x_wconf 80' lang='lat' dir='ltr'>usurpabant,</span> <span class='ocrx_word' id='word_1_91' title='bbox 664 1145 729 1200; x_wconf 79' lang='lat' dir='ltr'>quae</span> <span class='ocrx_word' id='word_1_92' title='bbox 749 1145 818 1183; x_wconf 86' lang='lat' dir='ltr'>sane</span> <span class='ocrx_word' id='word_1_93' title='bbox 833 1124 923 1184; x_wconf 76' lang='lat' dir='ltr'>literae</span> <span class='ocrx_word' id='word_1_94' title='bbox 939 1126 1065 1200; x_wconf 86' lang='lat' dir='ltr'>ejusdem</span> <span class='ocrx_word' id='word_1_95' title='bbox 1081 1125 1185 1199; x_wconf 86' lang='lat' dir='ltr'>organi</span> <span class='ocrx_word' id='word_1_96' title='bbox 1201 1130 1278 1183; x_wconf 90' lang='lat' dir='ltr'>sunt.</span> 
     </span>
     <span class='ocr_line' id='line_1_11' title="bbox 203 1204 1278 1281; baseline -0.003 -16"><span class='ocrx_word' id='word_1_97' title='bbox 203 1207 307 1278; x_wconf 77' lang='lat' dir='ltr'>Quare,</span> <span class='ocrx_word' id='word_1_98' title='bbox 331 1205 464 1281; x_wconf 83' lang='lat' dir='ltr'>quamvis</span> <span class='ocrx_word' id='word_1_99' title='bbox 485 1205 515 1262; x_wconf 92' lang='lat' dir='ltr'>in</span> <span class='ocrx_word' id='word_1_100' title='bbox 538 1205 633 1263; x_wconf 77' lang='lat' dir='ltr'>Sacris</span> <span class='ocrx_word' id='word_1_101' title='bbox 655 1205 760 1263; x_wconf 85' lang='lat' dir='ltr'>Literis</span> <span class='ocrx_word' id='word_1_102' title='bbox 780 1204 893 1263; x_wconf 81' lang='lat' dir='ltr'>literam</span> <span class='ocrx_word' id='word_1_103' title='bbox 916 1204 1037 1281; x_wconf 86' lang='lat' dir='ltr'>alicujus</span> <span class='ocrx_word' id='word_1_104' title='bbox 1058 1225 1111 1280; x_wconf 90' lang='lat' dir='ltr'>pro</span> <span class='ocrx_word' id='word_1_105' title='bbox 1134 1205 1192 1263; x_wconf 85' lang='lat' dir='ltr'>alia</span> <span class='ocrx_word' id='word_1_106' title='bbox 1207 1205 1278 1279; x_wconf 84' lang='lat' dir='ltr'>ejus·</span> 
     </span>
     <span class='ocr_line' id='line_1_12' title="bbox 203 1285 1279 1361; baseline -0.002 -17"><span class='ocrx_word' id='word_1_107' title='bbox 203 1288 267 1344; x_wconf 92' lang='lat' dir='ltr'>dem</span> <span class='ocrx_word' id='word_1_108' title='bbox 289 1286 392 1360; x_wconf 86' lang='lat' dir='ltr'>organi</span> <span class='ocrx_word' id='word_1_109' title='bbox 415 1305 491 1360; x_wconf 72' lang='lat' dir='ltr'>saepo</span> <span class='ocrx_word' id='word_1_110' title='bbox 513 1285 586 1344; x_wconf 79' lang='lat' dir='ltr'>sumi</span> <span class='ocrx_word' id='word_1_111' title='bbox 608 1290 730 1354; x_wconf 81' lang='lat' dir='ltr'>constet,</span> <span class='ocrx_word' id='word_1_112' title='bbox 752 1305 811 1344; x_wconf 92' lang='lat' dir='ltr'>non</span> <span class='ocrx_word' id='word_1_113' title='bbox 832 1291 930 1344; x_wconf 83' lang='lat' dir='ltr'>tamen</span> <span class='ocrx_word' id='word_1_114' title='bbox 950 1285 979 1343; x_wconf 93' lang='lat' dir='ltr'>id</span> <span class='ocrx_word' id='word_1_115' title='bbox 1001 1285 1107 1343; x_wconf 89' lang='lat' dir='ltr'>imitari</span> <span class='ocrx_word' id='word_1_116' title='bbox 1127 1286 1188 1361; x_wconf 87' lang='lat' dir='ltr'>jam</span> <span class='ocrx_word' id='word_1_117' title='bbox 1204 1285 1279 1344; x_wconf 87' lang='lat' dir='ltr'>licet.</span> 
     </span>
     <span class='ocr_line' id='line_1_13' title="bbox 202 1365 1123 1442; baseline 0 -18"><span class='ocrx_word' id='word_1_118' title='bbox 202 1367 275 1425; x_wconf 90' lang='lat' dir='ltr'>Nam</span> <span class='ocrx_word' id='word_1_119' title='bbox 298 1366 365 1442; x_wconf 87' lang='lat' dir='ltr'>qnid</span> <span class='ocrx_word' id='word_1_120' title='bbox 388 1367 442 1423; x_wconf 91' lang='lat' dir='ltr'>hoc</span> <span class='ocrx_word' id='word_1_121' title='bbox 463 1365 541 1424; x_wconf 88' lang='lat' dir='ltr'>aliud</span> <span class='ocrx_word' id='word_1_122' title='bbox 564 1371 648 1436; x_wconf 86' lang='lat' dir='ltr'>esset,</span> <span class='ocrx_word' id='word_1_123' title='bbox 671 1386 758 1441; x_wconf 84' lang='lat' dir='ltr'>quam</span> <span class='ocrx_word' id='word_1_124' title='bbox 779 1366 917 1424; x_wconf 80' lang='lat' dir='ltr'>dialectos</span> <span class='ocrx_word' id='word_1_125' title='bbox 937 1366 1123 1424; x_wconf 79' lang='lat' dir='ltr'>confundere.</span> 
     </span>
    </p>
   </div>
   <div class='ocr_carea' id='block_1_3' title="bbox 658 1550 819 1609">
    <p class='ocr_par' dir='ltr' id='par_1_3' title="bbox 658 1550 819 1609">
     <span class='ocr_line' id='line_1_14' title="bbox 658 1550 819 1609; baseline -0.006 0"><span class='ocrx_word' id='word_1_126' title='bbox 658 1550 742 1609; x_wconf 81' lang='lat' dir='ltr'>oAP.</span> <span class='ocrx_word' id='word_1_127' title='bbox 764 1551 819 1609; x_wconf 91' lang='lat' dir='ltr'>Ill.</span> 
     </span>
    </p>
   </div>
   <div class='ocr_carea' id='block_1_4' title="bbox 339 1729 1145 1884">
    <p class='ocr_par' dir='ltr' id='par_1_4' title="bbox 339 1729 1145 1884">
     <span class='ocr_line' id='line_1_15' title="bbox 339 1729 1145 1805; baseline -0.001 -17"><span class='ocrx_word' id='word_1_128' title='bbox 339 1733 381 1788; x_wconf 83' lang='lat' dir='ltr'>De</span> <span class='ocrx_word' id='word_1_129' title='bbox 410 1729 575 1803; x_wconf 72' lang='lat' dir='ltr'>Vocoltlnm5</span> <span class='ocrx_word' id='word_1_130' title='bbox 596 1731 630 1787; x_wconf 87' lang='lat' dir='ltr'>de</span> <span class='ocrx_word' id='word_1_131' title='bbox 650 1747 749 1786; x_wconf 81' lang='lat' dir='ltr'>eorum</span> <span class='ocrx_word' id='word_1_132' title='bbox 772 1731 874 1787; x_wconf 67' lang='lat' dir='ltr'>scilicet</span> <span class='ocrx_word' id='word_1_133' title='bbox 894 1729 999 1805; x_wconf 77' lang='lat' dir='ltr'>fipuro,</span> <span class='ocrx_word' id='word_1_134' title='bbox 1021 1732 1145 1801; x_wconf 71' lang='lat' dir='ltr'>laconice,</span> 
     </span>
     <span class='ocr_line' id='line_1_16' title="bbox 491 1809 986 1884; baseline 0.006 -19"><span class='ocrx_word' id='word_1_135' title='bbox 491 1809 686 1884; x_wconf 73' lang='lat' dir='ltr'>potestatibus,</span> <span class='ocrx_word' id='word_1_136' title='bbox 708 1817 733 1866; x_wconf 84' lang='lat' dir='ltr'>et</span> <span class='ocrx_word' id='word_1_137' title='bbox 749 1810 986 1884; x_wconf 73' lang='lat' dir='ltr'>proprietatibus.</span> 
     </span>
    </p>
   </div>
   <div class='ocr_carea' id='block_1_5' title="bbox 204 1967 1284 2531">
    <p class='ocr_par' dir='ltr' id='par_1_5' title="bbox 204 1967 1282 2210">
     <span class='ocr_line' id='line_1_17' title="bbox 246 1967 1281 2043; baseline -0.001 -14"><span class='ocrx_word' id='word_1_138' title='bbox 246 1971 376 2040; x_wconf 86' lang='lat' dir='ltr'>Vocales,</span> <span class='ocrx_word' id='word_1_139' title='bbox 409 1968 451 2028; x_wconf 91' lang='lat' dir='ltr'>uti</span> <span class='ocrx_word' id='word_1_140' title='bbox 483 1968 616 2039; x_wconf 76' lang='lat' dir='ltr'>diximuS,</span> <span class='ocrx_word' id='word_1_141' title='bbox 648 1969 725 2043; x_wconf 86' lang='lat' dir='ltr'>apud</span> <span class='ocrx_word' id='word_1_142' title='bbox 757 1968 897 2028; x_wconf 76' lang='lat' dir='ltr'>Hebraeos</span> <span class='ocrx_word' id='word_1_143' title='bbox 927 1967 1018 2027; x_wconf 83' lang='lat' dir='ltr'>literae</span> <span class='ocrx_word' id='word_1_144' title='bbox 1050 1988 1109 2026; x_wconf 89' lang='lat' dir='ltr'>non</span> <span class='ocrx_word' id='word_1_145' title='bbox 1130 1974 1211 2039; x_wconf 87' lang='lat' dir='ltr'>eunt,</span> <span class='ocrx_word' id='word_1_146' title='bbox 1234 1972 1281 2028; x_wconf 85' lang='lat' dir='ltr'>sed</span> 
     </span>
     <span class='ocr_line' id='line_1_18' title="bbox 205 2047 1282 2124; baseline -0.003 -13"><span class='ocrx_word' id='word_1_147' title='bbox 205 2051 295 2111; x_wconf 89' lang='lat' dir='ltr'>veluti</span> <span class='ocrx_word' id='word_1_148' title='bbox 325 2050 475 2108; x_wconf 90' lang='lat' dir='ltr'>literarum</span> <span class='ocrx_word' id='word_1_149' title='bbox 508 2049 620 2107; x_wconf 82' lang='lat' dir='ltr'>animae.</span> <span class='ocrx_word' id='word_1_150' title='bbox 653 2049 703 2106; x_wconf 82' lang='lat' dir='ltr'>Eae</span> <span class='ocrx_word' id='word_1_151' title='bbox 736 2047 825 2123; x_wconf 86' lang='lat' dir='ltr'>igitur</span> <span class='ocrx_word' id='word_1_152' title='bbox 857 2049 903 2107; x_wconf 88' lang='lat' dir='ltr'>vel</span> <span class='ocrx_word' id='word_1_153' title='bbox 934 2047 1205 2124; x_wconf 81' lang='lat' dir='ltr'>subintelliguntur,</span> <span class='ocrx_word' id='word_1_154' title='bbox 1238 2051 1282 2108; x_wconf 86' lang='lat' dir='ltr'>vel</span> 
     </span>
     <span class='ocr_line' id='line_1_19' title="bbox 204 2128 992 2210; baseline -0.006 -19"><span class='ocrx_word' id='word_1_155' title='bbox 204 2131 319 2210; x_wconf 84' lang='lat' dir='ltr'>punctis</span> <span class='ocrx_word' id='word_1_156' title='bbox 339 2130 432 2189; x_wconf 81' lang='lat' dir='ltr'>literis</span> <span class='ocrx_word' id='word_1_157' title='bbox 453 2128 574 2204; x_wconf 74' lang='lat' dir='ltr'>adjectis</span> <span class='ocrx_word' id='word_1_158' title='bbox 595 2128 797 2204; x_wconf 82' lang='lat' dir='ltr'>exprimuntur</span> <span class='ocrx_word' id='word_1_159' title='bbox 817 2130 872 2187; x_wconf 90' lang='lat' dir='ltr'>hoc</span> <span class='ocrx_word' id='word_1_160' title='bbox 892 2129 992 2187; x_wconf 90' lang='lat' dir='ltr'>modo:</span> 
     </span>
    </p>

    <p class='ocr_par' dir='ltr' id='par_1_6' title="bbox 257 2208 1281 2286">
     <span class='ocr_line' id='line_1_20' title="bbox 257 2208 1281 2286; baseline 0 -18"><span class='ocrx_word' id='word_1_161' title='bbox 257 2215 277 2286; x_wconf 58' lang='grc' dir='ltr'><strong>ἓ</strong></span> <span class='ocrx_word' id='word_1_162' title='bbox 355 2211 384 2269; x_wconf 82' lang='lat' dir='ltr'>si</span> <span class='ocrx_word' id='word_1_163' title='bbox 418 2210 494 2268; x_wconf 91' lang='lat' dir='ltr'>linea</span> <span class='ocrx_word' id='word_1_164' title='bbox 523 2212 576 2267; x_wconf 88' lang='lat' dir='ltr'>sub</span> <span class='ocrx_word' id='word_1_165' title='bbox 604 2209 689 2267; x_wconf 87' lang='lat' dir='ltr'>litera</span> <span class='ocrx_word' id='word_1_166' title='bbox 710 2210 840 2278; x_wconf 87' lang='lat' dir='ltr'>ducatur,</span> <span class='ocrx_word' id='word_1_167' title='bbox 862 2209 891 2266; x_wconf 91' lang='lat' dir='ltr'>id</span> <span class='ocrx_word' id='word_1_168' title='bbox 912 2208 1059 2284; x_wconf 85' lang='lat' dir='ltr'>significat</span> <span class='ocrx_word' id='word_1_169' title='bbox 1079 2215 1147 2285; x_wconf 85' lang='lat' dir='ltr'>post</span> <span class='ocrx_word' id='word_1_170' title='bbox 1168 2210 1281 2268; x_wconf 87' lang='lat' dir='ltr'>literam</span> 
     </span>
    </p>

    <p class='ocr_par' dir='ltr' id='par_1_7' title="bbox 257 2289 1282 2384">
     <span class='ocr_line' id='line_1_21' title="bbox 257 2289 1282 2384; baseline 0 -35"><span class='ocrx_word' id='word_1_171' title='bbox 257 2330 277 2384; x_wconf 67' lang='lat'>3</span> <span class='ocrx_word' id='word_1_172' title='bbox 314 2311 416 2349; x_wconf 86' lang='lat' dir='ltr'>sonum</span> <span class='ocrx_word' id='word_1_173' title='bbox 440 2311 457 2347; x_wconf 86' lang='lat' dir='ltr'>o</span> <span class='ocrx_word' id='word_1_174' title='bbox 479 2289 581 2357; x_wconf 90' lang='lat' dir='ltr'>audiri,</span> <span class='ocrx_word' id='word_1_175' title='bbox 605 2289 654 2365; x_wconf 89' lang='lat' dir='ltr'>qui</span> <span class='ocrx_word' id='word_1_176' title='bbox 676 2294 797 2347; x_wconf 89' lang='lat' dir='ltr'>vocatur</span> <span class='ocrx_word' id='word_1_177' title='bbox 816 2290 884 2348; x_wconf 73' lang='lat' dir='ltr'>aaa</span> <span class='ocrx_word' id='word_1_178' title='bbox 897 2291 1032 2366; x_wconf 77' lang='lat' dir='ltr'>putboylr.</span> <span class='ocrx_word' id='word_1_179' title='bbox 1048 2289 1079 2348; x_wconf 81' lang='lat' dir='ltr'>si</span> <span class='ocrx_word' id='word_1_180' title='bbox 1094 2295 1191 2348; x_wconf 89' lang='lat' dir='ltr'>autem</span> <span class='ocrx_word' id='word_1_181' title='bbox 1207 2291 1282 2349; x_wconf 85' lang='lat' dir='ltr'>linea</span> 
     </span>
    </p>

    <p class='ocr_par' dir='ltr' id='par_1_8' title="bbox 263 2368 1284 2446">
     <span class='ocr_line' id='line_1_22' title="bbox 263 2368 1284 2446; baseline -0.002 -16"><span class='ocrx_word' id='word_1_182' title='bbox 263 2394 273 2411; x_wconf 52' lang='grc' dir='ltr'><strong>τ</strong></span> <span class='ocrx_word' id='word_1_183' title='bbox 315 2392 379 2430; x_wconf 74' lang='lat' dir='ltr'>otim</span> <span class='ocrx_word' id='word_1_184' title='bbox 408 2375 525 2446; x_wconf 86' lang='lat' dir='ltr'>puncta,</span> <span class='ocrx_word' id='word_1_185' title='bbox 554 2369 701 2444; x_wconf 80' lang='lat' dir='ltr'>significat</span> <span class='ocrx_word' id='word_1_186' title='bbox 721 2390 824 2428; x_wconf 88' lang='lat' dir='ltr'>sonum</span> <span class='ocrx_word' id='word_1_187' title='bbox 844 2368 1034 2445; x_wconf 87' lang='lat' dir='ltr'>compositum</span> <span class='ocrx_word' id='word_1_188' title='bbox 1055 2389 1094 2428; x_wconf 85' lang='lat' dir='ltr'>ex</span> <span class='ocrx_word' id='word_1_189' title='bbox 1115 2390 1134 2428; x_wconf 83' lang='lat' dir='ltr'>a</span> <span class='ocrx_word' id='word_1_190' title='bbox 1156 2376 1186 2429; x_wconf 91' lang='lat' dir='ltr'>et</span> <span class='ocrx_word' id='word_1_191' title='bbox 1207 2390 1232 2442; x_wconf 87' lang='grc' dir='ltr'>ο,</span> <span class='ocrx_word' id='word_1_192' title='bbox 1254 2379 1284 2429; x_wconf 89' lang='lat' dir='ltr'>et</span> 
     </span>
    </p>

    <p class='ocr_par' dir='ltr' id='par_1_9' title="bbox 257 2446 1281 2531">
     <span class='ocr_line' id='line_1_23' title="bbox 257 2446 1281 2531; baseline -0.002 -21"><span class='ocrx_word' id='word_1_193' title='bbox 257 2446 277 2518; x_wconf 74' lang='grc'>3,</span> <span class='ocrx_word' id='word_1_194' title='bbox 315 2456 437 2510; x_wconf 85' lang='lat' dir='ltr'>vocatur</span> <span class='ocrx_word' id='word_1_195' title='bbox 458 2451 523 2531; x_wconf 63' lang='grc' dir='ltr'>ΙὍΡ</span> <span class='ocrx_word' id='word_1_196' title='bbox 555 2452 690 2509; x_wconf 77' lang='lat' dir='ltr'>ldmaets.</span> <span class='ocrx_word' id='word_1_197' title='bbox 724 2449 753 2508; x_wconf 88' lang='lat' dir='ltr'>Si</span> <span class='ocrx_word' id='word_1_198' title='bbox 781 2449 838 2508; x_wconf 88' lang='lat' dir='ltr'>tria</span> <span class='ocrx_word' id='word_1_199' title='bbox 859 2449 918 2508; x_wconf 89' lang='lat' dir='ltr'>sint</span> <span class='ocrx_word' id='word_1_200' title='bbox 938 2455 1056 2526; x_wconf 85' lang='lat' dir='ltr'>puncta,</span> <span class='ocrx_word' id='word_1_201' title='bbox 1080 2470 1171 2510; x_wconf 88' lang='lat' dir='ltr'>sonus</span> <span class='ocrx_word' id='word_1_202' title='bbox 1192 2472 1215 2523; x_wconf 85' lang='lat' dir='ltr'>e,</span> <span class='ocrx_word' id='word_1_203' title='bbox 1237 2452 1281 2510; x_wconf 81' lang='lat' dir='ltr'>vel</span> 
     </span>
    </p>
   </div>
   <div class='ocr_carea' id='block_1_6' title="bbox 259 2555 1282 2635">
    <p class='ocr_par' dir='ltr' id='par_1_10' title="bbox 259 2555 1282 2635">
     <span class='ocr_line' id='line_1_24' title="bbox 259 2555 1282 2635; baseline 0 -19"><span class='ocrx_word' id='word_1_204' title='bbox 259 2560 279 2632; x_wconf 54' lang='grc' dir='ltr'><em>ᾗ</em></span> <span class='ocrx_word' id='word_1_205' title='bbox 317 2558 367 2635; x_wconf 91' lang='lat' dir='ltr'>qni</span> <span class='ocrx_word' id='word_1_206' title='bbox 387 2557 481 2631; x_wconf 84' lang='lat' dir='ltr'>magis</span> <span class='ocrx_word' id='word_1_207' title='bbox 500 2556 610 2615; x_wconf 91' lang='lat' dir='ltr'>accedit</span> <span class='ocrx_word' id='word_1_208' title='bbox 625 2556 661 2614; x_wconf 91' lang='lat' dir='ltr'>ad</span> <span class='ocrx_word' id='word_1_209' title='bbox 676 2555 843 2616; x_wconf 72' lang='lat' dir='ltr'>Graecorum</span> <span class='ocrx_word' id='word_1_210' title='bbox 857 2576 874 2625; x_wconf 85' lang='grc' dir='ltr'>η</span> <span class='ocrx_word' id='word_1_211' title='bbox 891 2556 1081 2632; x_wconf 83' lang='lat' dir='ltr'>significatur,</span> <span class='ocrx_word' id='word_1_212' title='bbox 1097 2557 1147 2632; x_wconf 88' lang='lat' dir='ltr'>qui</span> <span class='ocrx_word' id='word_1_213' title='bbox 1161 2564 1282 2616; x_wconf 87' lang='lat' dir='ltr'>vocatur</span> 
     </span>
    </p>
   </div>
   <div class='ocr_carea' id='block_1_7' title="bbox 259 2666 1284 3159">
    <p class='ocr_par' dir='ltr' id='par_1_11' title="bbox 259 2666 1283 3010">
     <span class='ocr_line' id='line_1_25' title="bbox 260 2666 1281 2758; baseline 0 -23"><span class='ocrx_word' id='word_1_214' title='bbox 260 2675 280 2758; x_wconf 63' lang='grc' dir='ltr'><em>ᾏ</em></span> <span class='ocrx_word' id='word_1_215' title='bbox 318 2666 385 2738; x_wconf 65' lang='lat' dir='ltr'>ttae</span> <span class='ocrx_word' id='word_1_216' title='bbox 415 2681 497 2754; x_wconf 77' lang='lat' dir='ltr'>sepul.</span> <span class='ocrx_word' id='word_1_217' title='bbox 527 2679 556 2736; x_wconf 81' lang='lat' dir='ltr'>Si</span> <span class='ocrx_word' id='word_1_218' title='bbox 585 2683 700 2736; x_wconf 89' lang='lat' dir='ltr'>tantum</span> <span class='ocrx_word' id='word_1_219' title='bbox 721 2677 776 2736; x_wconf 92' lang='lat' dir='ltr'>duo</span> <span class='ocrx_word' id='word_1_220' title='bbox 795 2677 882 2753; x_wconf 83' lang='lat' dir='ltr'>juxta</span> <span class='ocrx_word' id='word_1_221' title='bbox 902 2677 1027 2737; x_wconf 88' lang='lat' dir='ltr'>invicem</span> <span class='ocrx_word' id='word_1_222' title='bbox 1047 2677 1154 2754; x_wconf 86' lang='lat' dir='ltr'>posita,</span> <span class='ocrx_word' id='word_1_223' title='bbox 1176 2677 1281 2754; x_wconf 86' lang='lat' dir='ltr'>signifi·</span> 
     </span>
     <span class='ocr_line' id='line_1_26' title="bbox 260 2759 1280 2846; baseline 0 -29"><span class='ocrx_word' id='word_1_224' title='bbox 260 2792 280 2846; x_wconf 64' lang='lat'>2</span> <span class='ocrx_word' id='word_1_225' title='bbox 318 2765 402 2818; x_wconf 86' lang='lat' dir='ltr'>catur</span> <span class='ocrx_word' id='word_1_226' title='bbox 422 2779 510 2817; x_wconf 86' lang='lat' dir='ltr'>sonus</span> <span class='ocrx_word' id='word_1_227' title='bbox 531 2778 565 2816; x_wconf 81' lang='lat' dir='ltr'>ex</span> <span class='ocrx_word' id='word_1_228' title='bbox 587 2779 605 2816; x_wconf 86' lang='lat' dir='ltr'>o</span> <span class='ocrx_word' id='word_1_229' title='bbox 627 2764 656 2817; x_wconf 88' lang='lat' dir='ltr'>et</span> <span class='ocrx_word' id='word_1_230' title='bbox 679 2759 891 2835; x_wconf 75' lang='lat' dir='ltr'>icompositnS,</span> <span class='ocrx_word' id='word_1_231' title='bbox 914 2759 963 2834; x_wconf 91' lang='lat' dir='ltr'>qui</span> <span class='ocrx_word' id='word_1_232' title='bbox 983 2764 1107 2817; x_wconf 86' lang='lat' dir='ltr'>vocatur</span> <span class='ocrx_word' id='word_1_233' title='bbox 1128 2759 1180 2816; x_wconf 62' lang='lat'>&#39;73&#39;</span> <span class='ocrx_word' id='word_1_234' title='bbox 1202 2767 1280 2818; x_wconf 80' lang='lat' dir='ltr'>tsere.</span> 
     </span>
     <span class='ocr_line' id='line_1_27' title="bbox 269 2838 1283 2914; baseline -0.002 -16"><span class='ocrx_word' id='word_1_235' title='bbox 269 2856 273 2865; x_wconf 91' lang='grc'><strong>’</strong></span> <span class='ocrx_word' id='word_1_236' title='bbox 318 2839 347 2898; x_wconf 77' lang='lat' dir='ltr'>Si</span> <span class='ocrx_word' id='word_1_237' title='bbox 376 2844 473 2898; x_wconf 89' lang='lat' dir='ltr'>autem</span> <span class='ocrx_word' id='word_1_238' title='bbox 494 2859 583 2914; x_wconf 89' lang='lat' dir='ltr'>supra</span> <span class='ocrx_word' id='word_1_239' title='bbox 604 2838 737 2908; x_wconf 90' lang='lat' dir='ltr'>invicem,</span> <span class='ocrx_word' id='word_1_240' title='bbox 759 2858 846 2898; x_wconf 86' lang='lat' dir='ltr'>sonus</span> <span class='ocrx_word' id='word_1_241' title='bbox 868 2838 1050 2913; x_wconf 85' lang='lat' dir='ltr'>significatur</span> <span class='ocrx_word' id='word_1_242' title='bbox 1071 2838 1189 2898; x_wconf 88' lang='lat' dir='ltr'>brevior</span> <span class='ocrx_word' id='word_1_243' title='bbox 1210 2859 1232 2909; x_wconf 85' lang='lat' dir='ltr'>e,</span> <span class='ocrx_word' id='word_1_244' title='bbox 1254 2846 1283 2897; x_wconf 91' lang='lat' dir='ltr'>et</span> 
     </span>
     <span class='ocr_line' id='line_1_28' title="bbox 259 2919 1282 3010; baseline -0.003 -32"><span class='ocrx_word' id='word_1_245' title='bbox 259 2940 280 3010; x_wconf 57' lang='lat'>⁸]</span> <span class='ocrx_word' id='word_1_246' title='bbox 317 2925 440 2978; x_wconf 89' lang='lat' dir='ltr'>vocatur</span> <span class='ocrx_word' id='word_1_247' title='bbox 461 2922 528 2978; x_wconf 66' lang='lat' dir='ltr'>Nil?</span> <span class='ocrx_word' id='word_1_248' title='bbox 550 2921 657 2977; x_wconf 81' lang='lat' dir='ltr'>crteoo.</span> <span class='ocrx_word' id='word_1_249' title='bbox 680 2919 799 2991; x_wconf 87' lang='lat' dir='ltr'>Deinde,</span> <span class='ocrx_word' id='word_1_250' title='bbox 822 2919 846 2977; x_wconf 87' lang='lat' dir='ltr'>si</span> <span class='ocrx_word' id='word_1_251' title='bbox 868 2919 984 2978; x_wconf 90' lang='lat' dir='ltr'>unicum</span> <span class='ocrx_word' id='word_1_252' title='bbox 1005 2923 1122 2978; x_wconf 82' lang='lat' dir='ltr'>tantum</span> <span class='ocrx_word' id='word_1_253' title='bbox 1143 2925 1282 2996; x_wconf 89' lang='lat' dir='ltr'>punctum</span> 
     </span>
    </p>

    <p class='ocr_par' dir='ltr' id='par_1_12' title="bbox 267 2998 1284 3159">
     <span class='ocr_line' id='line_1_29' title="bbox 318 2998 1284 3076; baseline -0.002 -18"><span class='ocrx_word' id='word_1_254' title='bbox 318 3001 409 3059; x_wconf 74' lang='lat' dir='ltr'>literae</span> <span class='ocrx_word' id='word_1_255' title='bbox 431 3000 638 3070; x_wconf 82' lang='lat' dir='ltr'>subscribatur,</span> <span class='ocrx_word' id='word_1_256' title='bbox 662 2998 851 3073; x_wconf 83' lang='lat' dir='ltr'>significatur,</span> <span class='ocrx_word' id='word_1_257' title='bbox 874 3019 976 3058; x_wconf 89' lang='lat' dir='ltr'>sonum</span> <span class='ocrx_word' id='word_1_258' title='bbox 997 2998 1131 3058; x_wconf 82' lang='lat' dir='ltr'>exaudiri</span> <span class='ocrx_word' id='word_1_259' title='bbox 1145 3005 1180 3058; x_wconf 91' lang='lat' dir='ltr'>ut</span> <span class='ocrx_word' id='word_1_260' title='bbox 1193 3003 1205 3058; x_wconf 81' lang='lat' dir='ltr'>i</span> <span class='ocrx_word' id='word_1_261' title='bbox 1219 3004 1284 3076; x_wconf 87' lang='lat' dir='ltr'>post</span> 
     </span>
     <span class='ocr_line' id='line_1_30' title="bbox 267 3079 1283 3159; baseline 0 -21"><span class='ocrx_word' id='word_1_262' title='bbox 267 3109 274 3138; x_wconf 65' lang='lat' dir='ltr'>a</span> <span class='ocrx_word' id='word_1_263' title='bbox 317 3081 441 3151; x_wconf 89' lang='lat' dir='ltr'>literam,</span> <span class='ocrx_word' id='word_1_264' title='bbox 471 3079 520 3155; x_wconf 91' lang='lat' dir='ltr'>qui</span> <span class='ocrx_word' id='word_1_265' title='bbox 549 3085 669 3138; x_wconf 88' lang='lat' dir='ltr'>vocatur</span> <span class='ocrx_word' id='word_1_266' title='bbox 698 3081 773 3159; x_wconf 65' lang='lat' dir='ltr'>P&#39;t&#39;l&#39;l</span> <span class='ocrx_word' id='word_1_267' title='bbox 791 3081 919 3156; x_wconf 70' lang='lat' dir='ltr'>planella</span> <span class='ocrx_word' id='word_1_268' title='bbox 941 3081 991 3150; x_wconf 87' lang='lat' dir='ltr'>At,</span> <span class='ocrx_word' id='word_1_269' title='bbox 1013 3079 1039 3138; x_wconf 81' lang='lat' dir='ltr'>si</span> <span class='ocrx_word' id='word_1_270' title='bbox 1053 3099 1143 3155; x_wconf 81' lang='lat' dir='ltr'>supra</span> <span class='ocrx_word' id='word_1_271' title='bbox 1157 3080 1283 3156; x_wconf 87' lang='lat' dir='ltr'>superio·</span> 
     </span>
    </p>
   </div>
   <div class='ocr_carea' id='block_1_8' title="bbox 248 3161 1283 3263">
    <p class='ocr_par' dir='ltr' id='par_1_13' title="bbox 248 3161 1283 3263">
     <span class='ocr_line' id='line_1_31' title="bbox 248 3161 1283 3263; baseline -0.001 -19"><span class='ocrx_word' id='word_1_272' title='bbox 248 3161 279 3215; x_wconf 51' lang='grc' dir='ltr'>ῃ</span> <span class='ocrx_word' id='word_1_273' title='bbox 318 3207 378 3245; x_wconf 91' lang='lat' dir='ltr'>rem</span> <span class='ocrx_word' id='word_1_274' title='bbox 400 3187 492 3244; x_wconf 74' lang='lat' dir='ltr'>literae</span> <span class='ocrx_word' id='word_1_275' title='bbox 514 3185 623 3262; x_wconf 86' lang='lat' dir='ltr'>apicem</span> <span class='ocrx_word' id='word_1_276' title='bbox 645 3187 884 3263; x_wconf 74' lang='lat' dir='ltr'>superucribatnr,</span> <span class='ocrx_word' id='word_1_277' title='bbox 907 3206 995 3245; x_wconf 83' lang='lat' dir='ltr'>sonus</span> <span class='ocrx_word' id='word_1_278' title='bbox 1015 3185 1201 3261; x_wconf 85' lang='lat' dir='ltr'>significatur</span> <span class='ocrx_word' id='word_1_279' title='bbox 1223 3192 1283 3245; x_wconf 89' lang='lat' dir='ltr'>uto</span> 
     </span>
    </p>
   </div>
   <div class='ocr_carea' id='block_1_9' title="bbox 207 3277 1284 3549">
    <p class='ocr_par' dir='ltr' id='par_1_14' title="bbox 207 3277 1284 3549">
     <span class='ocr_line' id='line_1_32' title="bbox 208 3277 1282 3384; baseline 0.002 -21"><span class='ocrx_word' id='word_1_280' title='bbox 208 3310 238 3363; x_wconf 95' lang='lat' dir='ltr'>et</span> <span class='ocrx_word' id='word_1_281' title='bbox 257 3311 379 3364; x_wconf 87' lang='lat' dir='ltr'>vocatur</span> <span class='ocrx_word' id='word_1_282' title='bbox 392 3277 458 3363; x_wconf 64' lang='lat' dir='ltr'>aba</span> <span class='ocrx_word' id='word_1_283' title='bbox 471 3307 588 3383; x_wconf 73' lang='lat' dir='ltr'>platena.</span> <span class='ocrx_word' id='word_1_284' title='bbox 605 3307 634 3365; x_wconf 81' lang='lat' dir='ltr'>si</span> <span class='ocrx_word' id='word_1_285' title='bbox 649 3307 707 3366; x_wconf 86' lang='lat' dir='ltr'>tria</span> <span class='ocrx_word' id='word_1_286' title='bbox 720 3308 829 3367; x_wconf 87' lang='lat' dir='ltr'>fuerint</span> <span class='ocrx_word' id='word_1_287' title='bbox 843 3310 896 3366; x_wconf 90' lang='lat' dir='ltr'>sub</span> <span class='ocrx_word' id='word_1_288' title='bbox 909 3306 996 3366; x_wconf 87' lang='lat' dir='ltr'>litere</span> <span class='ocrx_word' id='word_1_289' title='bbox 1009 3312 1128 3382; x_wconf 84' lang='lat' dir='ltr'>puncta,</span> <span class='ocrx_word' id='word_1_290' title='bbox 1144 3311 1282 3384; x_wconf 86' lang='lat' dir='ltr'>tanquam</span> 
     </span>
     <span class='ocr_line' id='line_1_33' title="bbox 208 3385 1282 3461; baseline 0.003 -19"><span class='ocrx_word' id='word_1_291' title='bbox 208 3385 239 3442; x_wconf 93' lang='lat' dir='ltr'>in</span> <span class='ocrx_word' id='word_1_292' title='bbox 259 3385 335 3444; x_wconf 89' lang='lat' dir='ltr'>linea</span> <span class='ocrx_word' id='word_1_293' title='bbox 357 3387 392 3444; x_wconf 92' lang='lat' dir='ltr'>ad</span> <span class='ocrx_word' id='word_1_294' title='bbox 416 3387 538 3461; x_wconf 84' lang='lat' dir='ltr'>angulos</span> <span class='ocrx_word' id='word_1_295' title='bbox 554 3386 683 3461; x_wconf 84' lang='lat' dir='ltr'>obliquos</span> <span class='ocrx_word' id='word_1_296' title='bbox 698 3408 762 3446; x_wconf 89' lang='lat' dir='ltr'>cum</span> <span class='ocrx_word' id='word_1_297' title='bbox 776 3389 861 3447; x_wconf 89' lang='lat' dir='ltr'>litera</span> <span class='ocrx_word' id='word_1_298' title='bbox 875 3389 972 3457; x_wconf 87' lang='lat' dir='ltr'>ducta,</span> <span class='ocrx_word' id='word_1_299' title='bbox 987 3392 1017 3446; x_wconf 90' lang='lat' dir='ltr'>et</span> <span class='ocrx_word' id='word_1_300' title='bbox 1031 3407 1136 3446; x_wconf 83' lang='lat' dir='ltr'>versus</span> <span class='ocrx_word' id='word_1_301' title='bbox 1150 3389 1282 3446; x_wconf 79' lang='lat' dir='ltr'>dextram</span> 
     </span>
     <span class='ocr_line' id='line_1_34' title="bbox 207 3465 1284 3549; baseline 0.004 -27"><span class='ocrx_word' id='word_1_302' title='bbox 207 3465 373 3537; x_wconf 82' lang='lat' dir='ltr'>inclinante,</span> <span class='ocrx_word' id='word_1_303' title='bbox 397 3486 499 3525; x_wconf 85' lang='lat' dir='ltr'>sonum</span> <span class='ocrx_word' id='word_1_304' title='bbox 520 3467 687 3539; x_wconf 84' lang='lat' dir='ltr'>significant</span> <span class='ocrx_word' id='word_1_305' title='bbox 708 3473 740 3526; x_wconf 91' lang='lat' dir='ltr'>ut</span> <span class='ocrx_word' id='word_1_306' title='bbox 761 3468 875 3544; x_wconf 86' lang='lat' dir='ltr'>upsilon</span> <span class='ocrx_word' id='word_1_307' title='bbox 894 3489 920 3538; x_wconf 82' lang='lat' dir='ltr'>a,</span> <span class='ocrx_word' id='word_1_308' title='bbox 943 3474 973 3526; x_wconf 90' lang='lat' dir='ltr'>et</span> <span class='ocrx_word' id='word_1_309' title='bbox 993 3472 1116 3528; x_wconf 84' lang='lat' dir='ltr'>vocetur</span> <span class='ocrx_word' id='word_1_310' title='bbox 1136 3468 1214 3549; x_wconf 68' lang='grc' dir='ltr'>ῘὯΡ</span> <span class='ocrx_word' id='word_1_311' title='bbox 1229 3469 1284 3526; x_wconf 72' lang='lat' dir='ltr'>aa·</span> 
     </span>
    </p>
   </div>
   <div class='ocr_carea' id='block_1_10' title="bbox 209 3571 1282 3651">
    <p class='ocr_par' dir='ltr' id='par_1_15' title="bbox 209 3571 1282 3651">
     <span class='ocr_line' id='line_1_35' title="bbox 209 3571 1282 3651; baseline 0.006 -22"><span class='ocrx_word' id='word_1_312' title='bbox 209 3573 278 3632; x_wconf 82' lang='lat' dir='ltr'>bats.</span> <span class='ocrx_word' id='word_1_313' title='bbox 303 3574 442 3649; x_wconf 88' lang='lat' dir='ltr'>Denique,</span> <span class='ocrx_word' id='word_1_314' title='bbox 465 3571 491 3630; x_wconf 86' lang='lat' dir='ltr'>si</span> <span class='ocrx_word' id='word_1_315' title='bbox 510 3571 603 3632; x_wconf 80' lang='lat' dir='ltr'>literae</span> <span class='ocrx_word' id='word_1_316' title='bbox 626 3574 750 3632; x_wconf 88' lang='lat' dir='ltr'>addatur</span> <span class='ocrx_word' id='word_1_317' title='bbox 771 3594 829 3633; x_wconf 90' lang='lat' dir='ltr'>vau</span> <span class='ocrx_word' id='word_1_318' title='bbox 850 3580 989 3651; x_wconf 90' lang='lat' dir='ltr'>punctum</span> <span class='ocrx_word' id='word_1_319' title='bbox 1010 3575 1122 3633; x_wconf 86' lang='lat' dir='ltr'>habens</span> <span class='ocrx_word' id='word_1_320' title='bbox 1136 3575 1166 3634; x_wconf 91' lang='lat' dir='ltr'>in</span> <span class='ocrx_word' id='word_1_321' title='bbox 1182 3575 1282 3635; x_wconf 80' lang='lat' dir='ltr'>medio.</span> 
     </span>
    </p>
   </div>
   <div class='ocr_carea' id='block_1_11' title="bbox 208 3653 1283 3815">
    <p class='ocr_par' dir='ltr' id='par_1_16' title="bbox 208 3653 1283 3815">
     <span class='ocr_line' id='line_1_36' title="bbox 208 3653 1283 3730; baseline 0.002 -20"><span class='ocrx_word' id='word_1_322' title='bbox 208 3653 389 3727; x_wconf 83' lang='lat' dir='ltr'>significatur</span> <span class='ocrx_word' id='word_1_323' title='bbox 422 3672 510 3712; x_wconf 82' lang='lat' dir='ltr'>sonus</span> <span class='ocrx_word' id='word_1_324' title='bbox 531 3673 568 3710; x_wconf 85' lang='lat' dir='ltr'>ex</span> <span class='ocrx_word' id='word_1_325' title='bbox 590 3673 605 3711; x_wconf 91' lang='lat'><em>0</em></span> <span class='ocrx_word' id='word_1_326' title='bbox 627 3659 656 3712; x_wconf 91' lang='lat' dir='ltr'>et</span> <span class='ocrx_word' id='word_1_327' title='bbox 679 3675 697 3713; x_wconf 85' lang='lat' dir='ltr'>n</span> <span class='ocrx_word' id='word_1_328' title='bbox 718 3654 900 3730; x_wconf 81' lang='lat' dir='ltr'>compositae,</span> <span class='ocrx_word' id='word_1_329' title='bbox 923 3654 984 3713; x_wconf 83' lang='lat' dir='ltr'>eive</span> <span class='ocrx_word' id='word_1_330' title='bbox 1005 3662 1031 3716; x_wconf 72' lang='lat' dir='ltr'>a</span> <span class='ocrx_word' id='word_1_331' title='bbox 1054 3653 1234 3729; x_wconf 71' lang='lat' dir='ltr'>Graecorum,</span> <span class='ocrx_word' id='word_1_332' title='bbox 1257 3662 1283 3714; x_wconf 85' lang='lat' dir='ltr'>et</span> 
     </span>
     <span class='ocr_line' id='line_1_37' title="bbox 209 3733 602 3815; baseline 0.003 -24"><span class='ocrx_word' id='word_1_333' title='bbox 209 3739 330 3792; x_wconf 83' lang='lat' dir='ltr'>vocatur</span> <span class='ocrx_word' id='word_1_334' title='bbox 352 3736 435 3815; x_wconf 61' lang='lat' dir='ltr'>P&#39;lttt&#39;</span> <span class='ocrx_word' id='word_1_335' title='bbox 455 3733 587 3792; x_wconf 71' lang='lat' dir='ltr'>selem-eal</span> <span class='ocrx_word' id='word_1_336' title='bbox 597 3780 602 3792; x_wconf 94' lang='lat'>.</span> 
     </span>
    </p>
   </div>
   <div class='ocr_carea' id='block_1_12' title="bbox 0 0 1346 4290">
    <p class='ocr_par' dir='ltr' id='par_1_17' title="bbox 0 0 1346 4290">
     <span class='ocr_line' id='line_1_38' title="bbox 0 0 1346 4290; baseline 0 0"><span class='ocrx_word' id='word_1_337' title='bbox 0 0 1346 4290; x_wconf 95' lang='lat' dir='ltr'> </span> 
     </span>
    </p>
   </div>
  </div>
 </body>
</html>
