<?xml version="1.0" encoding="UTF-8"?>
<!DOCTYPE html PUBLIC "-//W3C//DTD XHTML 1.0 Transitional//EN"
    "http://www.w3.org/TR/xhtml1/DTD/xhtml1-transitional.dtd">
<html xmlns="http://www.w3.org/1999/xhtml" xml:lang="en" lang="en">
 <head>
  <title>
</title>
<meta http-equiv="Content-Type" content="text/html;charset=utf-8" />
  <meta name='ocr-system' content='tesseract 3.04.00' />
  <meta name='ocr-capabilities' content='ocr_page ocr_carea ocr_par ocr_line ocrx_word'/>
</head>
<body>
  <div class='ocr_page' id='page_1' title='image "./benedictidespin00spingoog_0219.png"; bbox 0 0 2662 4290; ppageno 0'>
   <div class='ocr_carea' id='block_1_1' title="bbox 429 913 887 996">
    <p class='ocr_par' dir='ltr' id='par_1_1' title="bbox 429 913 887 996">
     <span class='ocr_line' id='line_1_1' title="bbox 429 913 887 996; baseline 0.002 -2"><span class='ocrx_word' id='word_1_1' title='bbox 429 913 887 996; x_wconf 76' lang='lat' dir='ltr'><strong>APPENDHHS</strong></span> 
     </span>
    </p>
   </div>
   <div class='ocr_carea' id='block_1_2' title="bbox 152 1141 1165 1457">
    <p class='ocr_par' dir='ltr' id='par_1_2' title="bbox 152 1141 1165 1457">
     <span class='ocr_line' id='line_1_2' title="bbox 152 1141 1165 1255; baseline -0.001 -2"><span class='ocrx_word' id='word_1_2' title='bbox 152 1141 553 1253; x_wconf 77' lang='lat' dir='ltr'><strong>OOGITATA</strong></span> <span class='ocrx_word' id='word_1_3' title='bbox 595 1143 1165 1255; x_wconf 82' lang='lat' dir='ltr'><strong>METAPHYSICA</strong></span> 
     </span>
     <span class='ocr_line' id='line_1_3' title="bbox 317 1374 987 1457; baseline 0.001 -1"><span class='ocrx_word' id='word_1_4' title='bbox 317 1374 987 1457; x_wconf 83' lang='lat' dir='ltr'>CONTINENTIS</span> 
     </span>
    </p>
   </div>
   <div class='ocr_carea' id='block_1_3' title="bbox 547 1571 755 1643">
    <p class='ocr_par' dir='ltr' id='par_1_3' title="bbox 547 1571 755 1643">
     <span class='ocr_line' id='line_1_4' title="bbox 547 1571 755 1643; baseline 0 -14"><span class='ocrx_word' id='word_1_5' title='bbox 547 1571 677 1629; x_wconf 81' lang='lat' dir='ltr'>PARS</span> <span class='ocrx_word' id='word_1_6' title='bbox 709 1571 755 1643; x_wconf 89' lang='lat' dir='ltr'><strong>II,</strong></span> 
     </span>
    </p>
   </div>
   <div class='ocr_carea' id='block_1_4' title="bbox 160 1705 1157 1976">
    <p class='ocr_par' dir='ltr' id='par_1_4' title="bbox 160 1705 1157 1976">
     <span class='ocr_line' id='line_1_5' title="bbox 283 1705 1040 1782; baseline 0.007 -23"><span class='ocrx_word' id='word_1_7' title='bbox 283 1706 313 1759; x_wconf 82' lang='lat' dir='ltr'><strong>iu</strong></span> <span class='ocrx_word' id='word_1_8' title='bbox 333 1721 390 1775; x_wconf 77' lang='lat' dir='ltr'><strong>qun</strong></span> <span class='ocrx_word' id='word_1_9' title='bbox 407 1705 570 1778; x_wconf 74' lang='lat' dir='ltr'><strong>precipua,</strong></span> <span class='ocrx_word' id='word_1_10' title='bbox 591 1721 656 1776; x_wconf 77' lang='lat' dir='ltr'><strong>qum</strong></span> <span class='ocrx_word' id='word_1_11' title='bbox 676 1705 708 1761; x_wconf 81' lang='lat' dir='ltr'><strong>iu</strong></span> <span class='ocrx_word' id='word_1_12' title='bbox 723 1711 812 1779; x_wconf 80' lang='lat' dir='ltr'><strong>purte</strong></span> <span class='ocrx_word' id='word_1_13' title='bbox 831 1705 1040 1782; x_wconf 76' lang='lat' dir='ltr'><strong>Metopbyeices</strong></span> 
     </span>
     <span class='ocr_line' id='line_1_6' title="bbox 160 1801 1157 1881; baseline 0.004 -22"><span class='ocrx_word' id='word_1_14' title='bbox 160 1803 277 1876; x_wconf 76' lang='lat' dir='ltr'><strong>speciali</strong></span> <span class='ocrx_word' id='word_1_15' title='bbox 291 1804 367 1858; x_wconf 81' lang='lat' dir='ltr'><strong>circu</strong></span> <span class='ocrx_word' id='word_1_16' title='bbox 385 1801 480 1860; x_wconf 84' lang='lat' dir='ltr'><strong>Deum</strong></span> <span class='ocrx_word' id='word_1_17' title='bbox 496 1805 611 1877; x_wconf 81' lang='lat' dir='ltr'><strong>ejusque</strong></span> <span class='ocrx_word' id='word_1_18' title='bbox 627 1802 783 1873; x_wconf 77' lang='lat' dir='ltr'><strong>Aurtbma,</strong></span> <span class='ocrx_word' id='word_1_19' title='bbox 802 1810 828 1860; x_wconf 87' lang='lat' dir='ltr'><strong>et</strong></span> <span class='ocrx_word' id='word_1_20' title='bbox 845 1804 968 1862; x_wconf 79' lang='lat' dir='ltr'><strong>Mentem</strong></span> <span class='ocrx_word' id='word_1_21' title='bbox 982 1805 1157 1881; x_wconf 76' lang='lat' dir='ltr'><em>humanam,</em></span> 
     </span>
     <span class='ocr_line' id='line_1_7' title="bbox 336 1899 984 1976; baseline 0.002 -19"><span class='ocrx_word' id='word_1_22' title='bbox 336 1901 417 1976; x_wconf 74' lang='lat' dir='ltr'><strong>oeelqo</strong></span> <span class='ocrx_word' id='word_1_23' title='bbox 438 1905 600 1969; x_wconf 79' lang='lat' dir='ltr'><strong>occurrunt,</strong></span> <span class='ocrx_word' id='word_1_24' title='bbox 623 1899 743 1956; x_wconf 79' lang='lat' dir='ltr'><strong>breuiter</strong></span> <span class='ocrx_word' id='word_1_25' title='bbox 764 1901 984 1974; x_wconf 75' lang='lat' dir='ltr'><strong>explicantem*</strong></span> 
     </span>
    </p>
   </div>
   <div class='ocr_carea' id='block_1_5' title="bbox 496 2227 819 2420">
    <p class='ocr_par' dir='ltr' id='par_1_5' title="bbox 496 2227 819 2420">
     <span class='ocr_line' id='line_1_8' title="bbox 591 2227 720 2286; baseline 0 0"><span class='ocrx_word' id='word_1_26' title='bbox 591 2228 675 2286; x_wconf 78' lang='lat' dir='ltr'>OAP.</span> <span class='ocrx_word' id='word_1_27' title='bbox 697 2227 720 2286; x_wconf 95' lang='lat' dir='ltr'><strong>I.</strong></span> 
     </span>
     <span class='ocr_line' id='line_1_9' title="bbox 496 2362 819 2420; baseline 0.003 -1"><span class='ocrx_word' id='word_1_28' title='bbox 496 2363 540 2420; x_wconf 90' lang='lat' dir='ltr'><strong>De</strong></span> <span class='ocrx_word' id='word_1_29' title='bbox 561 2362 617 2419; x_wconf 87' lang='lat' dir='ltr'><strong>Dei</strong></span> <span class='ocrx_word' id='word_1_30' title='bbox 636 2362 819 2420; x_wconf 75' lang='lat' dir='ltr'><strong>AEtermitute.</strong></span> 
     </span>
    </p>
   </div>
   <div class='ocr_carea' id='block_1_6' title="bbox 156 2492 1198 2643">
    <p class='ocr_par' dir='ltr' id='par_1_6' title="bbox 156 2492 1198 2643">
     <span class='ocr_line' id='line_1_10' title="bbox 156 2492 1198 2643; baseline 0.003 -95"><span class='ocrx_word' id='word_1_31' title='bbox 156 2495 312 2539; x_wconf 71' lang='lat' dir='ltr'><strong>Substantia·</strong></span> <span class='ocrx_word' id='word_1_32' title='bbox 340 2500 428 2643; x_wconf 55' lang='grc' dir='ltr'><strong>ζῙειη</strong></span> <span class='ocrx_word' id='word_1_33' title='bbox 456 2498 543 2552; x_wconf 84' lang='lat' dir='ltr'><strong>antea</strong></span> <span class='ocrx_word' id='word_1_34' title='bbox 574 2493 730 2564; x_wconf 86' lang='lat' dir='ltr'><strong>docuimus,</strong></span> <span class='ocrx_word' id='word_1_35' title='bbox 763 2493 793 2552; x_wconf 92' lang='lat' dir='ltr'><strong>in</strong></span> <span class='ocrx_word' id='word_1_36' title='bbox 825 2494 932 2552; x_wconf 82' lang='lat' dir='ltr'><strong>Rerum</strong></span> <span class='ocrx_word' id='word_1_37' title='bbox 953 2492 1068 2552; x_wconf 81' lang='lat' dir='ltr'><strong>Natura</strong></span> <span class='ocrx_word' id='word_1_38' title='bbox 1090 2500 1198 2569; x_wconf 81' lang='lat' dir='ltr'><strong>praetor</strong></span> 
     </span>
    </p>
   </div>
   <div class='ocr_carea' id='block_1_7' title="bbox 148 2558 1197 2650">
    <p class='ocr_par' dir='ltr' id='par_1_7' title="bbox 148 2558 1197 2650">
     <span class='ocr_line' id='line_1_11' title="bbox 148 2558 1197 2650; baseline 0.009 -26"><span class='ocrx_word' id='word_1_39' title='bbox 148 2572 205 2601; x_wconf 74' lang='lat'><strong>&#39;&#39;²⁰&#39;&#39;</strong></span> <span class='ocrx_word' id='word_1_40' title='bbox 222 2558 318 2602; x_wconf 67' lang='lat' dir='ltr'><strong>divisio.</strong></span> <span class='ocrx_word' id='word_1_41' title='bbox 381 2573 559 2633; x_wconf 87' lang='lat' dir='ltr'><strong>substantias</strong></span> <span class='ocrx_word' id='word_1_42' title='bbox 589 2593 745 2648; x_wconf 83' lang='lat' dir='ltr'><strong>eurumque</strong></span> <span class='ocrx_word' id='word_1_43' title='bbox 775 2574 875 2631; x_wconf 86' lang='lat' dir='ltr'><strong>modos</strong></span> <span class='ocrx_word' id='word_1_44' title='bbox 905 2572 977 2631; x_wconf 91' lang='lat' dir='ltr'>nihil</span> <span class='ocrx_word' id='word_1_45' title='bbox 1005 2573 1086 2645; x_wconf 79' lang='lat' dir='ltr'><strong>dari3</strong></span> <span class='ocrx_word' id='word_1_46' title='bbox 1109 2593 1197 2650; x_wconf 79' lang='lat' dir='ltr'><strong>quaro</strong></span> 
     </span>
    </p>
   </div>
   <div class='ocr_carea' id='block_1_8' title="bbox 125 2653 1197 2889">
    <p class='ocr_par' dir='ltr' id='par_1_8' title="bbox 125 2653 1197 2889">
     <span class='ocr_line' id='line_1_12' title="bbox 125 2653 1197 2730; baseline 0.002 -19"><span class='ocrx_word' id='word_1_47' title='bbox 125 2673 183 2712; x_wconf 91' lang='lat' dir='ltr'><strong>non</strong></span> <span class='ocrx_word' id='word_1_48' title='bbox 204 2654 260 2712; x_wconf 87' lang='lat' dir='ltr'><strong>erit</strong></span> <span class='ocrx_word' id='word_1_49' title='bbox 281 2654 327 2712; x_wconf 87' lang='lat' dir='ltr'><strong>hio</strong></span> <span class='ocrx_word' id='word_1_50' title='bbox 347 2654 580 2730; x_wconf 80' lang='lat' dir='ltr'><strong>exspectandum,</strong></span> <span class='ocrx_word' id='word_1_51' title='bbox 603 2659 636 2711; x_wconf 90' lang='lat' dir='ltr'><strong>ut</strong></span> <span class='ocrx_word' id='word_1_52' title='bbox 657 2653 765 2729; x_wconf 83' lang='lat' dir='ltr'><strong>aliquid</strong></span> <span class='ocrx_word' id='word_1_53' title='bbox 787 2653 822 2711; x_wconf 86' lang='lat' dir='ltr'><strong>de</strong></span> <span class='ocrx_word' id='word_1_54' title='bbox 842 2653 942 2712; x_wconf 86' lang='lat' dir='ltr'><strong>formis</strong></span> <span class='ocrx_word' id='word_1_55' title='bbox 956 2653 1197 2713; x_wconf 80' lang='lat' dir='ltr'><strong>substantialibus</strong></span> 
     </span>
     <span class='ocr_line' id='line_1_13' title="bbox 126 2733 1197 2810; baseline 0 -17"><span class='ocrx_word' id='word_1_56' title='bbox 126 2740 155 2793; x_wconf 90' lang='lat' dir='ltr'><strong>et</strong></span> <span class='ocrx_word' id='word_1_57' title='bbox 186 2734 311 2792; x_wconf 84' lang='lat' dir='ltr'><strong>realibus</strong></span> <span class='ocrx_word' id='word_1_58' title='bbox 341 2734 537 2792; x_wconf 81' lang='lat' dir='ltr'><strong>accidentibus</strong></span> <span class='ocrx_word' id='word_1_59' title='bbox 569 2733 711 2791; x_wconf 79' lang='lat' dir='ltr'><strong>dieamus:</strong></span> <span class='ocrx_word' id='word_1_60' title='bbox 745 2738 814 2792; x_wconf 88' lang='lat' dir='ltr'><strong>sunt</strong></span> <span class='ocrx_word' id='word_1_61' title='bbox 845 2733 921 2792; x_wconf 88' lang='lat' dir='ltr'><strong>enim</strong></span> <span class='ocrx_word' id='word_1_62' title='bbox 952 2733 1026 2805; x_wconf 83' lang='lat' dir='ltr'><strong>hoec,</strong></span> <span class='ocrx_word' id='word_1_63' title='bbox 1060 2738 1092 2792; x_wconf 91' lang='lat' dir='ltr'><strong>et</strong></span> <span class='ocrx_word' id='word_1_64' title='bbox 1113 2735 1197 2810; x_wconf 83' lang='lat' dir='ltr'><strong>hujus</strong></span> 
     </span>
     <span class='ocr_line' id='line_1_14' title="bbox 125 2812 1197 2889; baseline 0 -16"><span class='ocrx_word' id='word_1_65' title='bbox 125 2815 226 2873; x_wconf 83' lang='lat' dir='ltr'><strong>farinae</strong></span> <span class='ocrx_word' id='word_1_66' title='bbox 260 2815 323 2883; x_wconf 82' lang='lat' dir='ltr'><strong>elio,</strong></span> <span class='ocrx_word' id='word_1_67' title='bbox 350 2815 435 2889; x_wconf 86' lang='lat' dir='ltr'><strong>plane</strong></span> <span class='ocrx_word' id='word_1_68' title='bbox 456 2815 563 2889; x_wconf 78' lang='lat' dir='ltr'><strong>inopte.</strong></span> <span class='ocrx_word' id='word_1_69' title='bbox 586 2813 771 2871; x_wconf 74' lang='lat' dir='ltr'><strong>Substantias</strong></span> <span class='ocrx_word' id='word_1_70' title='bbox 792 2813 895 2872; x_wconf 83' lang='lat' dir='ltr'><strong>deindo</strong></span> <span class='ocrx_word' id='word_1_71' title='bbox 916 2812 1069 2872; x_wconf 86' lang='lat' dir='ltr'><strong>divisimus</strong></span> <span class='ocrx_word' id='word_1_72' title='bbox 1089 2813 1121 2873; x_wconf 90' lang='lat' dir='ltr'><strong>in</strong></span> <span class='ocrx_word' id='word_1_73' title='bbox 1143 2816 1197 2873; x_wconf 92' lang='lat' dir='ltr'><strong>duo</strong></span> 
     </span>
    </p>
   </div>
   <div class='ocr_carea' id='block_1_9' title="bbox 126 2972 1198 3842">
    <p class='ocr_par' dir='ltr' id='par_1_9' title="bbox 126 2972 1198 3842">
     <span class='ocr_line' id='line_1_15' title="bbox 157 2972 1198 3032; baseline 0 -13"><span class='ocrx_word' id='word_1_74' title='bbox 157 2976 169 3001; x_wconf 76' lang='grc'><strong><em>*</em></strong></span> <span class='ocrx_word' id='word_1_75' title='bbox 186 2976 256 3021; x_wconf 86' lang='lat' dir='ltr'><strong>Vere.</strong></span> <span class='ocrx_word' id='word_1_76' title='bbox 273 2975 345 3032; x_wconf 86' lang='lat' dir='ltr'><strong>Belg.</strong></span> <span class='ocrx_word' id='word_1_77' title='bbox 362 2975 399 3020; x_wconf 82' lang='lat' dir='ltr'><strong>itu</strong></span> <span class='ocrx_word' id='word_1_78' title='bbox 415 2975 513 3032; x_wconf 82' lang='lat' dir='ltr'><strong>pergit:</strong></span> <span class='ocrx_word' id='word_1_79' title='bbox 530 2974 560 3018; x_wconf 81' lang='lat' dir='ltr'><strong>In</strong></span> <span class='ocrx_word' id='word_1_80' title='bbox 578 2974 614 3018; x_wconf 80' lang='lat' dir='ltr'><strong>dit</strong></span> <span class='ocrx_word' id='word_1_81' title='bbox 627 2972 754 3031; x_wconf 80' lang='lat' dir='ltr'><strong>Hooftdeel</strong></span> <span class='ocrx_word' id='word_1_82' title='bbox 764 2979 826 3018; x_wconf 77' lang='lat' dir='ltr'><strong>mort</strong></span> <span class='ocrx_word' id='word_1_83' title='bbox 840 2974 933 3019; x_wconf 77' lang='lat' dir='ltr'><strong>Ghodte</strong></span> <span class='ocrx_word' id='word_1_84' title='bbox 943 2974 1139 3031; x_wconf 72' lang='lat' dir='ltr'><strong>wezmrdle&#39;jlebee&#39;t</strong></span> <span class='ocrx_word' id='word_1_85' title='bbox 1149 2974 1198 3019; x_wconf 80' lang='lat' dir='ltr'><strong>beel</strong></span> 
     </span>
     <span class='ocr_line' id='line_1_16' title="bbox 127 3036 1198 3095; baseline -0.001 -13"><span class='ocrx_word' id='word_1_86' title='bbox 127 3038 219 3083; x_wconf 79' lang='lat' dir='ltr'><strong>undere</strong></span> <span class='ocrx_word' id='word_1_87' title='bbox 235 3038 371 3092; x_wconf 72' lang='lat' dir='ltr'><strong>ver-lelaurt,</strong></span> <span class='ocrx_word' id='word_1_88' title='bbox 389 3036 428 3081; x_wconf 77' lang='lat' dir='ltr'><strong>als</strong></span> <span class='ocrx_word' id='word_1_89' title='bbox 444 3037 473 3081; x_wconf 85' lang='lat' dir='ltr'><strong>de</strong></span> <span class='ocrx_word' id='word_1_90' title='bbox 490 3037 616 3080; x_wconf 79' lang='lat' dir='ltr'><strong>neenuebeu</strong></span> <span class='ocrx_word' id='word_1_91' title='bbox 632 3036 671 3080; x_wconf 77' lang='lat' dir='ltr'><strong>die</strong></span> <span class='ocrx_word' id='word_1_92' title='bbox 685 3037 830 3093; x_wconf 77' lang='lat' dir='ltr'><strong>yemeenle&#39;jle</strong></span> <span class='ocrx_word' id='word_1_93' title='bbox 845 3041 971 3092; x_wconf 80' lang='lat' dir='ltr'><strong>eerstuun,</strong></span> <span class='ocrx_word' id='word_1_94' title='bbox 988 3037 1027 3081; x_wconf 77' lang='lat' dir='ltr'><strong>dte</strong></span> <span class='ocrx_word' id='word_1_95' title='bbox 1040 3037 1161 3095; x_wconf 64' lang='lat' dir='ltr'><strong>numelh&#39;t·</strong></span> <span class='ocrx_word' id='word_1_96' title='bbox 1171 3037 1198 3081; x_wconf 85' lang='lat' dir='ltr'><strong>de</strong></span> 
     </span>
     <span class='ocr_line' id='line_1_17' title="bbox 127 3098 1197 3157; baseline -0.001 -12"><span class='ocrx_word' id='word_1_97' title='bbox 127 3101 318 3157; x_wconf 76' lang='lat' dir='ltr'><strong>wezendltjeheu</strong></span> <span class='ocrx_word' id='word_1_98' title='bbox 337 3099 429 3144; x_wconf 81' lang='lat' dir='ltr'><strong>Gbodtu</strong></span> <span class='ocrx_word' id='word_1_99' title='bbox 445 3104 493 3143; x_wconf 85' lang='lat' dir='ltr'><strong>met</strong></span> <span class='ocrx_word' id='word_1_100' title='bbox 508 3099 570 3143; x_wconf 80' lang='lat' dir='ltr'><strong>hare</strong></span> <span class='ocrx_word' id='word_1_101' title='bbox 585 3098 782 3155; x_wconf 75' lang='lat' dir='ltr'><strong>reezendlijlrbeyt</strong></span> <span class='ocrx_word' id='word_1_102' title='bbox 794 3113 942 3155; x_wconf 80' lang='lat' dir='ltr'><strong>uerwurren,</strong></span> <span class='ocrx_word' id='word_1_103' title='bbox 953 3113 1021 3144; x_wconf 82' lang='lat' dir='ltr'><strong>muer</strong></span> <span class='ocrx_word' id='word_1_104' title='bbox 1031 3099 1070 3143; x_wconf 80' lang='lat' dir='ltr'><strong>uit</strong></span> <span class='ocrx_word' id='word_1_105' title='bbox 1081 3103 1197 3153; x_wconf 79' lang='lat' dir='ltr'><strong>ontstaet,</strong></span> 
     </span>
     <span class='ocr_line' id='line_1_18' title="bbox 128 3161 1198 3219; baseline -0.002 -13"><span class='ocrx_word' id='word_1_106' title='bbox 128 3163 171 3206; x_wconf 78' lang='lat' dir='ltr'><strong>dut</strong></span> <span class='ocrx_word' id='word_1_107' title='bbox 195 3176 225 3218; x_wconf 79' lang='lat' dir='ltr'><strong>ey</strong></span> <span class='ocrx_word' id='word_1_108' title='bbox 245 3163 324 3206; x_wconf 84' lang='lat' dir='ltr'><strong>Ghodt</strong></span> <span class='ocrx_word' id='word_1_109' title='bbox 340 3161 463 3205; x_wconf 81' lang='lat' dir='ltr'><strong>inbeelden</strong></span> <span class='ocrx_word' id='word_1_110' title='bbox 481 3166 502 3205; x_wconf 85' lang='lat' dir='ltr'><strong>te</strong></span> <span class='ocrx_word' id='word_1_111' title='bbox 518 3161 569 3218; x_wconf 60' lang='lat' dir='ltr'><strong>eeyn</strong></span> <span class='ocrx_word' id='word_1_112' title='bbox 586 3162 618 3205; x_wconf 83' lang='lat' dir='ltr'><strong>iet</strong></span> <span class='ocrx_word' id='word_1_113' title='bbox 635 3161 673 3205; x_wconf 79' lang='lat' dir='ltr'><strong>uls</strong></span> <span class='ocrx_word' id='word_1_114' title='bbox 690 3174 732 3204; x_wconf 80' lang='lat' dir='ltr'><strong>een</strong></span> <span class='ocrx_word' id='word_1_115' title='bbox 748 3162 854 3214; x_wconf 81' lang='lat' dir='ltr'><strong>Menseh,</strong></span> <span class='ocrx_word' id='word_1_116' title='bbox 870 3175 900 3205; x_wconf 83' lang='lat' dir='ltr'><strong>en</strong></span> <span class='ocrx_word' id='word_1_117' title='bbox 916 3175 947 3219; x_wconf 78' lang='lat' dir='ltr'><strong>op</strong></span> <span class='ocrx_word' id='word_1_118' title='bbox 964 3161 981 3206; x_wconf 85' lang='lat' dir='ltr'><strong>&#39;t</strong></span> <span class='ocrx_word' id='word_1_119' title='bbox 993 3175 1059 3206; x_wconf 84' lang='lat' dir='ltr'><strong>ware</strong></span> <span class='ocrx_word' id='word_1_120' title='bbox 1076 3161 1198 3206; x_wconf 80' lang='lat' dir='ltr'><strong>denkbeelt</strong></span> 
     </span>
     <span class='ocr_line' id='line_1_19' title="bbox 130 3223 1197 3281; baseline 0 -14"><span class='ocrx_word' id='word_1_121' title='bbox 130 3224 231 3278; x_wconf 77' lang='lat' dir='ltr'><strong>Gleodts,</strong></span> <span class='ocrx_word' id='word_1_122' title='bbox 255 3224 273 3268; x_wconf 85' lang='lat' dir='ltr'><strong>&#39;t</strong></span> <span class='ocrx_word' id='word_1_123' title='bbox 289 3225 351 3268; x_wconf 79' lang='lat' dir='ltr'><strong>welle</strong></span> <span class='ocrx_word' id='word_1_124' title='bbox 374 3238 404 3280; x_wconf 78' lang='lat' dir='ltr'><strong>ey</strong></span> <span class='ocrx_word' id='word_1_125' title='bbox 430 3223 523 3278; x_wconf 78' lang='lat' dir='ltr'><strong>hebben,</strong></span> <span class='ocrx_word' id='word_1_126' title='bbox 545 3225 594 3267; x_wconf 78' lang='lat' dir='ltr'><strong>niet</strong></span> <span class='ocrx_word' id='word_1_127' title='bbox 611 3223 691 3278; x_wconf 70' lang='lat' dir='ltr'><strong>lettere,</strong></span> <span class='ocrx_word' id='word_1_128' title='bbox 708 3223 736 3279; x_wconf 75' lang='lat' dir='ltr'><strong>of</strong></span> <span class='ocrx_word' id='word_1_129' title='bbox 748 3224 866 3281; x_wconf 73' lang='lat' dir='ltr'><strong>qebeelijle</strong></span> <span class='ocrx_word' id='word_1_130' title='bbox 882 3223 1006 3268; x_wconf 76' lang='lat' dir='ltr'><strong>onteetend</strong></span> <span class='ocrx_word' id='word_1_131' title='bbox 1021 3224 1074 3281; x_wconf 63' lang='lat' dir='ltr'><strong>elin</strong></span> <span class='ocrx_word' id='word_1_132' title='bbox 1090 3238 1140 3269; x_wconf 84' lang='lat' dir='ltr'><strong>van</strong></span> <span class='ocrx_word' id='word_1_133' title='bbox 1157 3224 1197 3268; x_wconf 81' lang='lat' dir='ltr'><strong>det</strong></span> 
     </span>
     <span class='ocr_line' id='line_1_20' title="bbox 127 3284 1196 3343; baseline -0.001 -13"><span class='ocrx_word' id='word_1_134' title='bbox 127 3300 158 3343; x_wconf 72' lang='lat' dir='ltr'><strong>ey</strong></span> <span class='ocrx_word' id='word_1_135' title='bbox 183 3286 200 3329; x_wconf 83' lang='lat' dir='ltr'><strong>’t</strong></span> <span class='ocrx_word' id='word_1_136' title='bbox 216 3286 300 3330; x_wconf 85' lang='lat' dir='ltr'><strong>hebben</strong></span> <span class='ocrx_word' id='word_1_137' title='bbox 308 3300 318 3341; x_wconf 90' lang='lat'><em>;</em></span> <span class='ocrx_word' id='word_1_138' title='bbox 338 3286 485 3330; x_wconf 74' lang='lat' dir='ltr'><strong>isuardum·</strong></span> <span class='ocrx_word' id='word_1_139' title='bbox 501 3285 519 3330; x_wconf 84' lang='lat' dir='ltr'><strong>&#39;t</strong></span> <span class='ocrx_word' id='word_1_140' title='bbox 535 3286 580 3329; x_wconf 86' lang='lat' dir='ltr'><strong>oole</strong></span> <span class='ocrx_word' id='word_1_141' title='bbox 595 3284 701 3341; x_wconf 65' lang='lat' dir='ltr'><strong>nobem-t,</strong></span> <span class='ocrx_word' id='word_1_142' title='bbox 718 3285 761 3329; x_wconf 80' lang='lat' dir='ltr'><strong>dut</strong></span> <span class='ocrx_word' id='word_1_143' title='bbox 776 3299 807 3342; x_wconf 76' lang='lat' dir='ltr'><strong>ey</strong></span> <span class='ocrx_word' id='word_1_144' title='bbox 827 3286 918 3330; x_wconf 82' lang='lat' dir='ltr'><strong>Ghodts</strong></span> <span class='ocrx_word' id='word_1_145' title='bbox 935 3285 1124 3343; x_wconf 77' lang='lat' dir='ltr'><strong>mezentle&#39;jlebeit</strong></span> <span class='ocrx_word' id='word_1_146' title='bbox 1140 3286 1196 3330; x_wconf 72' lang='lat' dir='ltr'><strong>noel·</strong></span> 
     </span>
     <span class='ocr_line' id='line_1_21' title="bbox 128 3347 1196 3405; baseline 0.001 -13"><span class='ocrx_word' id='word_1_147' title='bbox 128 3362 176 3392; x_wconf 82' lang='lat' dir='ltr'><strong>eun</strong></span> <span class='ocrx_word' id='word_1_148' title='bbox 193 3362 288 3404; x_wconf 83' lang='lat' dir='ltr'><strong>uooren,</strong></span> <span class='ocrx_word' id='word_1_149' title='bbox 305 3348 348 3392; x_wconf 81' lang='lat' dir='ltr'><strong>dut</strong></span> <span class='ocrx_word' id='word_1_150' title='bbox 365 3349 386 3392; x_wconf 78' lang='lat' dir='ltr'><strong>is</strong></span> <span class='ocrx_word' id='word_1_151' title='bbox 403 3353 446 3405; x_wconf 73' lang='lat' dir='ltr'><strong>eust</strong></span> <span class='ocrx_word' id='word_1_152' title='bbox 463 3349 504 3392; x_wconf 82' lang='lat' dir='ltr'><strong>des</strong></span> <span class='ocrx_word' id='word_1_153' title='bbox 520 3348 581 3403; x_wconf 76' lang='lat' dir='ltr'><strong>zelfo</strong></span> <span class='ocrx_word' id='word_1_154' title='bbox 599 3361 664 3392; x_wconf 82' lang='lat' dir='ltr'><strong>mure</strong></span> <span class='ocrx_word' id='word_1_155' title='bbox 680 3347 794 3405; x_wconf 72' lang='lat' dir='ltr'><strong>bepaliny</strong></span> <span class='ocrx_word' id='word_1_156' title='bbox 810 3348 839 3404; x_wconf 73' lang='lat' dir='ltr'><strong>of</strong></span> <span class='ocrx_word' id='word_1_157' title='bbox 847 3348 1000 3404; x_wconf 76' lang='lat' dir='ltr'><strong>ieezenclhee&#39;t,</strong></span> <span class='ocrx_word' id='word_1_158' title='bbox 1011 3349 1073 3392; x_wconf 81' lang='lat' dir='ltr'><strong>noeb</strong></span> <span class='ocrx_word' id='word_1_159' title='bbox 1086 3363 1134 3393; x_wconf 82' lang='lat' dir='ltr'><strong>vun</strong></span> <span class='ocrx_word' id='word_1_160' title='bbox 1145 3348 1196 3393; x_wconf 79' lang='lat' dir='ltr'><strong>aeb-</strong></span> 
     </span>
     <span class='ocr_line' id='line_1_22' title="bbox 129 3409 1197 3467; baseline 0 -13"><span class='ocrx_word' id='word_1_161' title='bbox 129 3416 204 3465; x_wconf 83' lang='lat' dir='ltr'><strong>teren,</strong></span> <span class='ocrx_word' id='word_1_162' title='bbox 230 3415 272 3467; x_wconf 78' lang='lat' dir='ltr'><strong>uyt</strong></span> <span class='ocrx_word' id='word_1_163' title='bbox 295 3411 336 3454; x_wconf 74' lang='lat' dir='ltr'><strong>des</strong></span> <span class='ocrx_word' id='word_1_164' title='bbox 352 3411 413 3466; x_wconf 72' lang='lat' dir='ltr'><strong>zelfu</strong></span> <span class='ocrx_word' id='word_1_165' title='bbox 431 3409 560 3464; x_wconf 81' lang='lat' dir='ltr'><strong>deulebeelt‚</strong></span> <span class='ocrx_word' id='word_1_166' title='bbox 577 3423 634 3453; x_wconf 87' lang='lat' dir='ltr'><strong>voor</strong></span> <span class='ocrx_word' id='word_1_167' title='bbox 650 3423 693 3454; x_wconf 80' lang='lat' dir='ltr'><strong>eoo</strong></span> <span class='ocrx_word' id='word_1_168' title='bbox 709 3409 758 3453; x_wconf 86' lang='lat' dir='ltr'><strong>veel</strong></span> <span class='ocrx_word' id='word_1_169' title='bbox 773 3409 791 3454; x_wconf 80' lang='lat' dir='ltr'><strong>’t</strong></span> <span class='ocrx_word' id='word_1_170' title='bbox 808 3412 834 3455; x_wconf 76' lang='lat' dir='ltr'><strong>in</strong></span> <span class='ocrx_word' id='word_1_171' title='bbox 850 3424 894 3455; x_wconf 78' lang='lat' dir='ltr'><strong>oue</strong></span> <span class='ocrx_word' id='word_1_172' title='bbox 910 3411 939 3466; x_wconf 74' lang='lat' dir='ltr'><strong>is,</strong></span> <span class='ocrx_word' id='word_1_173' title='bbox 957 3409 1070 3467; x_wconf 74' lang='lat' dir='ltr'><strong>beem&#39;jzen</strong></span> <span class='ocrx_word' id='word_1_174' title='bbox 1086 3411 1148 3456; x_wconf 82' lang='lat' dir='ltr'><strong>noeb</strong></span> <span class='ocrx_word' id='word_1_175' title='bbox 1163 3409 1197 3454; x_wconf 86' lang='lat' dir='ltr'><strong>be·</strong></span> 
     </span>
     <span class='ocr_line' id='line_1_23' title="bbox 126 3472 1196 3530; baseline 0 -14"><span class='ocrx_word' id='word_1_176' title='bbox 126 3473 225 3530; x_wconf 66' lang='lat' dir='ltr'><strong>mbjpeu</strong></span> <span class='ocrx_word' id='word_1_177' title='bbox 250 3473 352 3518; x_wconf 82' lang='lat' dir='ltr'><strong>louneu.</strong></span> <span class='ocrx_word' id='word_1_178' title='bbox 383 3473 426 3529; x_wconf 75' lang='lat' dir='ltr'><strong>Wy</strong></span> <span class='ocrx_word' id='word_1_179' title='bbox 450 3472 531 3517; x_wconf 78' lang='lat' dir='ltr'><strong>zallen</strong></span> <span class='ocrx_word' id='word_1_180' title='bbox 553 3472 666 3516; x_wconf 83' lang='lat' dir='ltr'><strong>derbulve</strong></span> <span class='ocrx_word' id='word_1_181' title='bbox 689 3472 799 3516; x_wconf 79' lang='lat' dir='ltr'><strong>rraemen</strong></span> <span class='ocrx_word' id='word_1_182' title='bbox 815 3473 843 3516; x_wconf 79' lang='lat' dir='ltr'><strong>in</strong></span> <span class='ocrx_word' id='word_1_183' title='bbox 860 3473 897 3517; x_wconf 82' lang='lat' dir='ltr'><strong>dit</strong></span> <span class='ocrx_word' id='word_1_184' title='bbox 912 3472 1048 3529; x_wconf 69' lang='lat' dir='ltr'><strong>Hooftdeel,</strong></span> <span class='ocrx_word' id='word_1_185' title='bbox 1064 3486 1107 3518; x_wconf 79' lang='lat' dir='ltr'><strong>zoe</strong></span> <span class='ocrx_word' id='word_1_186' title='bbox 1124 3473 1196 3518; x_wconf 74' lang='lat' dir='ltr'><strong>blaur</strong></span> 
     </span>
     <span class='ocr_line' id='line_1_24' title="bbox 129 3533 1197 3592; baseline 0 -14"><span class='ocrx_word' id='word_1_187' title='bbox 129 3536 167 3579; x_wconf 76' lang='lat' dir='ltr'><strong>als</strong></span> <span class='ocrx_word' id='word_1_188' title='bbox 193 3549 236 3579; x_wconf 82' lang='lat' dir='ltr'><strong>ons</strong></span> <span class='ocrx_word' id='word_1_189' title='bbox 262 3535 389 3592; x_wconf 73' lang='lat' dir='ltr'><strong>mooyelijle</strong></span> <span class='ocrx_word' id='word_1_190' title='bbox 412 3534 454 3579; x_wconf 76' lang='lat' dir='ltr'><strong>eal</strong></span> <span class='ocrx_word' id='word_1_191' title='bbox 474 3535 533 3591; x_wconf 63' lang='lat' dir='ltr'><strong>eb&#39;n,</strong></span> <span class='ocrx_word' id='word_1_192' title='bbox 550 3539 572 3578; x_wconf 83' lang='lat' dir='ltr'><strong>te</strong></span> <span class='ocrx_word' id='word_1_193' title='bbox 588 3533 706 3590; x_wconf 77' lang='lat' dir='ltr'><strong>betooneu,</strong></span> <span class='ocrx_word' id='word_1_194' title='bbox 723 3534 767 3578; x_wconf 84' lang='lat' dir='ltr'><strong>dat</strong></span> <span class='ocrx_word' id='word_1_195' title='bbox 786 3535 879 3579; x_wconf 75' lang='lat' dir='ltr'><strong>Ghodts</strong></span> <span class='ocrx_word' id='word_1_196' title='bbox 896 3535 1088 3592; x_wconf 74' lang='lat' dir='ltr'><strong>wezemuijemu</strong></span> <span class='ocrx_word' id='word_1_197' title='bbox 1107 3550 1153 3580; x_wconf 84' lang='lat' dir='ltr'><strong>van</strong></span> <span class='ocrx_word' id='word_1_198' title='bbox 1171 3534 1197 3579; x_wconf 85' lang='lat' dir='ltr'><strong>de</strong></span> 
     </span>
     <span class='ocr_line' id='line_1_25' title="bbox 128 3596 1196 3654; baseline 0.001 -14"><span class='ocrx_word' id='word_1_199' title='bbox 128 3598 320 3654; x_wconf 76' lang='lat' dir='ltr'><strong>wezemllijlbeit</strong></span> <span class='ocrx_word' id='word_1_200' title='bbox 345 3597 389 3641; x_wconf 83' lang='lat' dir='ltr'><strong>der</strong></span> <span class='ocrx_word' id='word_1_201' title='bbox 410 3597 528 3654; x_wconf 67' lang='lat' dir='ltr'><strong>qeschupe</strong></span> <span class='ocrx_word' id='word_1_202' title='bbox 550 3597 640 3653; x_wconf 62' lang='lat' dir='ltr'><strong>dingen</strong></span> <span class='ocrx_word' id='word_1_203' title='bbox 655 3597 774 3654; x_wconf 66' lang='lat' dir='ltr'><strong>ueheelijl·</strong></span> <span class='ocrx_word' id='word_1_204' title='bbox 788 3597 910 3642; x_wconf 77' lang='lat' dir='ltr'><strong>oeroebe&#39;lt.</strong></span> <span class='ocrx_word' id='word_1_205' title='bbox 927 3596 1053 3642; x_wconf 85' lang='lat' dir='ltr'><strong>Nimirum</strong></span> <span class='ocrx_word' id='word_1_206' title='bbox 1070 3597 1118 3643; x_wconf 87' lang='lat' dir='ltr'><strong>Dei</strong></span> <span class='ocrx_word' id='word_1_207' title='bbox 1136 3597 1196 3642; x_wconf 81' lang='lat' dir='ltr'><strong>exis-</strong></span> 
     </span>
     <span class='ocr_line' id='line_1_26' title="bbox 129 3659 1197 3717; baseline -0.001 -13"><span class='ocrx_word' id='word_1_208' title='bbox 129 3660 210 3704; x_wconf 85' lang='lat' dir='ltr'><strong>tentia</strong></span> <span class='ocrx_word' id='word_1_209' title='bbox 235 3660 266 3704; x_wconf 83' lang='lat' dir='ltr'><strong>ab</strong></span> <span class='ocrx_word' id='word_1_210' title='bbox 292 3673 329 3715; x_wconf 80' lang='lat' dir='ltr'><strong>ee,</strong></span> <span class='ocrx_word' id='word_1_211' title='bbox 353 3672 408 3716; x_wconf 85' lang='lat' dir='ltr'><strong>quae</strong></span> <span class='ocrx_word' id='word_1_212' title='bbox 433 3661 473 3703; x_wconf 84' lang='lat' dir='ltr'><strong>est</strong></span> <span class='ocrx_word' id='word_1_213' title='bbox 497 3659 628 3703; x_wconf 89' lang='lat' dir='ltr'><strong>hominum</strong></span> <span class='ocrx_word' id='word_1_214' title='bbox 654 3662 680 3703; x_wconf 89' lang='lat' dir='ltr'><strong>ot</strong></span> <span class='ocrx_word' id='word_1_215' title='bbox 704 3662 886 3714; x_wconf 81' lang='lat' dir='ltr'><strong>creaturarum,</strong></span> <span class='ocrx_word' id='word_1_216' title='bbox 908 3659 987 3717; x_wconf 88' lang='lat' dir='ltr'><strong>probe</strong></span> <span class='ocrx_word' id='word_1_217' title='bbox 1009 3659 1197 3717; x_wconf 77' lang='lat' dir='ltr'><strong>distinguenda.</strong></span> 
     </span>
     <span class='ocr_line' id='line_1_27' title="bbox 130 3721 1198 3779; baseline -0.001 -14"><span class='ocrx_word' id='word_1_218' title='bbox 130 3722 254 3778; x_wconf 81' lang='lat' dir='ltr'><strong>siquidem</strong></span> <span class='ocrx_word' id='word_1_219' title='bbox 274 3722 343 3767; x_wconf 87' lang='lat' dir='ltr'><strong>illius</strong></span> <span class='ocrx_word' id='word_1_220' title='bbox 360 3722 442 3766; x_wconf 82' lang='lat' dir='ltr'><strong>ideam</strong></span> <span class='ocrx_word' id='word_1_221' title='bbox 460 3721 486 3764; x_wconf 90' lang='lat' dir='ltr'><strong>in</strong></span> <span class='ocrx_word' id='word_1_222' title='bbox 503 3724 588 3766; x_wconf 84' lang='lat' dir='ltr'><strong>monte</strong></span> <span class='ocrx_word' id='word_1_223' title='bbox 605 3724 694 3766; x_wconf 82' lang='lat' dir='ltr'><strong>nostre</strong></span> <span class='ocrx_word' id='word_1_224' title='bbox 709 3721 761 3779; x_wconf 76' lang='lat' dir='ltr'><strong>Jum</strong></span> <span class='ocrx_word' id='word_1_225' title='bbox 780 3721 877 3778; x_wconf 82' lang='lat' dir='ltr'><strong>edesse,</strong></span> <span class='ocrx_word' id='word_1_226' title='bbox 894 3725 921 3767; x_wconf 83' lang='lat' dir='ltr'><strong>et</strong></span> <span class='ocrx_word' id='word_1_227' title='bbox 937 3722 1103 3768; x_wconf 81' lang='lat' dir='ltr'><strong>existentium</strong></span> <span class='ocrx_word' id='word_1_228' title='bbox 1121 3725 1198 3768; x_wconf 78' lang='lat' dir='ltr'><strong>tama</strong></span> 
     </span>
     <span class='ocr_line' id='line_1_28' title="bbox 129 3783 1062 3842; baseline 0.003 -15"><span class='ocrx_word' id='word_1_229' title='bbox 129 3784 208 3841; x_wconf 80' lang='lat' dir='ltr'><strong>priori</strong></span> <span class='ocrx_word' id='word_1_230' title='bbox 225 3797 299 3841; x_wconf 83' lang='lat' dir='ltr'><strong>quom</strong></span> <span class='ocrx_word' id='word_1_231' title='bbox 319 3798 332 3829; x_wconf 81' lang='lat' dir='ltr'><strong>e</strong></span> <span class='ocrx_word' id='word_1_232' title='bbox 349 3783 485 3842; x_wconf 84' lang='lat' dir='ltr'><strong>posteriori</strong></span> <span class='ocrx_word' id='word_1_233' title='bbox 503 3783 673 3828; x_wconf 79' lang='lat' dir='ltr'><strong>demonstrari</strong></span> <span class='ocrx_word' id='word_1_234' title='bbox 690 3797 774 3842; x_wconf 84' lang='lat' dir='ltr'><strong>posse,</strong></span> <span class='ocrx_word' id='word_1_235' title='bbox 790 3784 948 3830; x_wconf 80' lang='lat' dir='ltr'><strong>intellecturi</strong></span> <span class='ocrx_word' id='word_1_236' title='bbox 965 3797 1062 3830; x_wconf 85' lang='lat' dir='ltr'><strong>sumus.</strong></span> 
     </span>
    </p>
   </div>
   <div class='ocr_carea' id='block_1_10' title="bbox 0 0 1343 4290">
    <p class='ocr_par' dir='ltr' id='par_1_10' title="bbox 0 0 1343 4290">
     <span class='ocr_line' id='line_1_29' title="bbox 0 0 1343 4290; baseline 0 0"><span class='ocrx_word' id='word_1_237' title='bbox 0 0 1343 4290; x_wconf 95' lang='lat' dir='ltr'><strong> </strong></span> 
     </span>
    </p>
   </div>
  </div>
 </body>
</html>
