2662 4290
128 307 185 364 154
357 324 507 364 Pnln'clm
529 322 735 363 Pfflnosoemna
756 321 962 363 clausulam).

126 492 235 567 ledea).
267 490 355 566 Ergo,
384 510 449 549 eum
477 489 605 561 dicimus,
634 489 759 565 spatium
787 496 846 548 una
874 489 939 549 viee
960 509 1019 548 non
1040 489 1160 565 majus«

126 591 211 647 quam
244 569 301 629 alia
333 576 401 646 (per
432 571 493 630 Aa.
528 571 598 642 13.),
630 570 713 628 simul
745 569 874 642 dicimus,
903 589 1008 646 eorpus
1036 590 1096 628 non
1117 589 1160 646 pm

125 652 218 727 majus
249 670 320 724 esse,
352 652 408 710 hoe
438 655 484 709 est
510 651 603 726 majus
624 649 750 726 spatium
771 669 922 726 occupare,
944 658 1002 709 una
1024 650 1088 708 viee
1110 669 1160 726 qua

126 732 192 790 alia.
216 731 297 802 Quod
320 736 384 789 erat
404 730 536 807 primum.
559 731 649 789 Porro
671 750 709 788 ex
730 731 794 800 hoe,
816 730 892 806 quod
907 731 1033 806 spatium
1049 735 1079 788 et
1092 749 1160 806 corp

125 811 155 870 in
187 831 219 870 re
250 831 308 869 non
335 811 479 880 differunt,
506 810 645 886 sequitur,
667 830 731 869 eum
753 809 883 882 dicimus,
905 830 1010 887 eorpus
1032 830 1091 868 non
1113 830 1160 886 pos

126 892 219 967 majus
244 891 369 967 spatium
391 910 532 967 occupare
553 899 611 950 unt
631 890 696 949 viee
716 910 802 966 quam
824 891 889 961 alia,
912 910 966 950 nos
986 890 1072 949 simul
1092 890 1160 949 diesi

125 972 201 1030 idem
238 971 363 1047 spatium
401 991 459 1030 non
494 972 559 1047 plus
590 970 719 1047 eorporis
748 990 833 1046 posse
864 971 1013 1030 continere
1046 978 1105 1030 una
1135 970 1160 1029 vi

127 1072 213 1129 quam
234 1052 300 1110 alia.
336 1054 367 1125 Q.
391 1054 425 1111 E.
448 1053 486 1110 D.

515 1202 807 1263 OOROLLARIUM.

171 1320 311 1395 Corpora,
337 1340 401 1397 qum
421 1321 531 1396 <equale
550 1321 677 1395 spatium
699 1325 848 1394 occupant,
864 1325 942 1394 puta
964 1337 1072 1376 auriam
1093 1326 1119 1376 et
1138 1339 1160 1377 u«

127 1419 207 1476 caque
227 1402 348 1460 multum
369 1403 507 1471 materioe,
529 1403 586 1458 sive
605 1399 770 1458 substantioe
792 1417 944 1473 corporeae,
966 1399 1078 1457 babent.

549 1569 777 1609 DEMONSTRA'I'IO.

168 1666 338 1726 Substantia
368 1685 506 1743 corporea
536 1686 595 1725 non
625 1665 656 1724 in
687 1664 792 1724 duritie
822 1685 846 1724 e.
880 1684 908 1740 g.
941 1665 1014 1734 auri,
1047 1685 1141 1743 neque

128 1747 247 1806 mollitie
278 1766 303 1807 e.
338 1766 366 1822 g.
398 1746 482 1816 aeris,
513 1765 606 1822 neque
633 1745 662 1804 in
690 1745 750 1804 ulla
770 1744 917 1804 sensilium
939 1745 1110 1821 qualitatem
1130 1751 1160 1822 (p

129 1829 249 1900 leopos.
274 1828 300 1886 1.
322 1828 431 1903 liujus),
453 1827 503 1885 sed
524 1826 555 1885 in
576 1826 637 1885 sola
658 1824 827 1885 extensione
847 1825 1160 1902 consistit(perPr01n

128 1908 156 1967 2.
186 1908 294 1983 ludim).
323 1906 393 1966 Cum
422 1912 519 1966 autem
547 1909 601 1981 (ex.
628 1907 717 1983 Hyp.)
738 1905 909 1965 tantundem
930 1906 1026 1982 spatii,
1049 1906 1111 1966 sive
1130 1913 1160 1982 (p

128 1989 196 2062 Des.
219 1989 259 2060 d.)
281 1986 468 2057 extensionis,
485 1987 528 2046 sit
548 1987 578 2045 in
599 2007 657 2045 uno
679 2005 765 2063 quam
788 1985 819 2044 in
839 1985 914 2057 ali03
936 2006 1007 2062 ergo
1028 1987 1115 2045 etiam
1135 1991 1160 2046 ta

127 2068 246 2126 tundem
267 2067 438 2127 substantiae
459 2086 614 2143 corporeae.
651 2067 682 2138 Q.
705 2069 740 2125 E.
762 2068 799 2125 D.

406 2250 408 2252 v
486 2172 779 2267 psopossmo
801 2208 837 2266 v.

170 2356 265 2414 Nulloe
285 2356 395 2412 dantur
417 2355 523 2411 Atomi.

545 2494 776 2534 nanensuuanlo.

168 2591 266 2651 Atomi
294 2597 362 2651 sunt
388 2597 487 2668 partes
507 2591 637 2651 materiae
658 2589 848 2651 indivisibiles
868 2610 903 2650 ex
924 2611 978 2650 sua
998 2597 1106 2652 natura
1127 2593 1160 2669 (p

128 2674 194 2747 Def.
229 2673 279 2745 3.).
312 2672 377 2743 Sed,
409 2692 473 2730 eum
504 2677 611 2731 natura
641 2671 771 2730 materiae
803 2670 943 2730 consistat
970 2671 1000 2731 in
1028 2672 1160 2732 extensio*

129 2755 198 2829 (per
230 2753 317 2828 Prop.
347 2752 373 2811 2.
397 2754 503 2827 liujus),
526 2772 591 2830 quae
613 2757 719 2811 nature
740 2759 801 2824 sua,
823 2752 1010 2828 quantumvis
1030 2772 1160 2829 parva<

128 2832 279 2892 divisibilis
310 2835 378 2910 (per
406 2838 464 2892 Aa.
492 2833 519 2892 9.
549 2841 573 2890 et
597 2834 663 2906 Des.
688 2833 743 2902 7.);
765 2851 835 2908 ergo
856 2852 924 2909 pars
944 2833 1085 2906 materia,
1107 2853 1160 2910 qua

128 2913 237 2973 tumvis
266 2933 368 2990 parva,
400 2917 506 2972 natura
537 2920 589 2971 sua
620 2917 664 2971 est
685 2911 851 2986 divisibilis;
873 2913 902 2972 h.
924 2931 959 2983 e.,
981 2914 1070 2972 nullae
1092 2915 1160 2973 dant

128 2994 236 3063 Atomi,
262 2993 323 3053 sive
347 2999 445 3070 partes
465 2992 595 3052 materiae
616 2997 723 3051 natura
743 3013 796 3052 sua
815 2991 1013 3053 indivisibiles.
1047 2996 1080 3068 Q.
1103 2996 1137 3055 E.
1158 3047 1160 3052 2

558 3152 768 3212 SOHOLIUM.

168 3289 279 3362 Magna
311 3291 341 3346 et
360 3287 498 3347 intricata
519 3286 640 3363 quaestio
662 3287 697 3345 de
717 3285 831 3345 Atomis
852 3303 965 3360 semper
986 3285 1051 3346 fuit.
1074 3285 1160 3357 Quids

129 3371 263 3427 asserunt
293 3367 356 3426 dari
387 3369 516 3439 Atemos,
550 3387 587 3426 ex
608 3386 651 3435 eo,
674 3367 749 3444 quod
770 3365 914 3425 inlinitum
936 3386 995 3424 non
1015 3371 1114 3442 potest
1134 3386 1160 3426 es

128 3448 223 3524 majus
253 3447 309 3506 alio
340 3447 469 3517 infinit0;
501 3452 531 3506 et
562 3447 586 3506 si
617 3447 682 3506 duae
707 3446 895 3522 quantitates,
915 3451 989 3521 puta
1009 3447 1036 3505 A
1058 3451 1089 3505 et
1109 3447 1160 3523 du}

127 3528 218 3606 ipsius
248 3529 284 3600 A,
317 3527 376 3586 sint
396 3527 554 3586 divisibiles
573 3527 604 3586 in
624 3527 777 3599 infinitum,
799 3532 937 3603 poterunt
958 3527 1045 3585 etiam
1066 3532 1160 3603 potem

128 3609 191 3680 Dei,
213 3607 263 3686 qui
284 3627 381 3667 eorum
402 3607 531 3666 infinitas
551 3613 651 3684 partes
672 3628 729 3666 uno
750 3607 857 3666 intuitu
867 3606 1013 3682 intelligit,
1025 3607 1056 3666 in
1066 3607 1160 3666 inlinit

127 3694 227 3767 partes
257 3692 325 3747 actu
357 3687 454 3745 dividi.
477 3688 564 3762 Ergo,
587 3708 659 3758 eum,
682 3692 715 3746 ut
736 3687 843 3746 dietum
864 3691 917 3756 est,
940 3707 1029 3746 unum
1050 3687 1160 3746 inlinitu

129 3790 186 3828 non
207 3769 301 3847 majus
322 3767 359 3826 sit
380 3767 436 3826 alio
456 3767 579 3846 infinito,
601 3768 657 3827 erit
677 3768 827 3844 quantitas
847 3768 873 3826 A
896 3767 1018 3844 aequalis
1035 3767 1160 3844 suodup]
