2662 4290
127 310 183 366 192
470 323 615 365 coornari
636 325 852 364 usrararsrcri.

169 495 293 568 animae·
381 492 556 568 Incipiamus
586 492 678 568 igitur
710 493 747 551 ab
775 492 858 559 Eme,
887 510 939 566 per
967 492 1044 567 quod
1065 491 1202 567 intelligo

187 561 273 612 aaran.
342 575 377 631 ln
409 593 499 645 omne,
527 575 612 649 qrrod,
642 593 705 631 cnm
734 573 810 631 clare
831 580 856 630 et
876 574 1005 630 distincte
1021 575 1199 647 percipitur,

126 658 280 712 rrnnasnrio
301 658 425 724 eaisierc,
448 656 488 711 rel
509 656 548 711 ad
570 656 720 711 minimum
737 672 820 728 posse
839 655 964 722 existere,
988 656 1158 728 reperimus.

154 754 309 826 (}l⁵‘'“‘'''“'’'2
382 762 426 819 Ex
455 763 510 819 hac
530 766 626 818 autom
649 759 823 829 definitione,
846 759 892 817 vel
913 758 937 816 si
958 761 1053 817 mavis
1075 759 1199 834 descrip-

153 816 313 921 {}'¹'23,?‡⁰1⁴}2'
342 841 429 906 tione,
451 841 590 916 sequitur,
612 841 686 915 quod
713 840 866 909 Olrinroeru,
888 841 949 897 Ens
968 842 1078 912 licinum,
1094 845 1124 897 et
1138 841 1200 897 Ens

159 941 235 983 lionis
261 953 309 983 non
342 923 474 979 Rationis
495 922 573 979 nullo
594 922 678 978 modo
694 921 731 977 ad
745 920 825 978 entia
838 919 969 977 revocari
986 919 1108 994 possint.
1124 919 1195 977 Nam

157 1016 208 1045 “⁸⁸0
224 1003 298 1045 enna.
344 1003 487 1060 Cinniana
517 1001 526 1032 ¹
558 1021 594 1059 ex
626 1021 679 1059 sua
710 1006 814 1058 natura
840 999 966 1058 existere
996 1001 1107 1075 nequit.
1137 1001 1198 1057 Eas

127 1103 195 1139 voro
227 1086 324 1154 slahim
355 1082 462 1139 claram
494 1088 523 1139 et
544 1082 708 1139 distinctam
730 1080 942 1156 perceptionem
964 1079 1107 1150 secludit;
1131 1080 1197 1154 quia

128 1164 211 1220 innuo
233 1182 267 1219 ea
289 1162 350 1219 sola
371 1182 451 1220 mera
471 1162 614 1234 libertate,
637 1166 666 1219 et
688 1181 754 1230 non,
776 1160 859 1218 utin
881 1159 970 1228 falsis,
992 1160 1128 1228 insciens
1147 1161 1194 1217 sed

127 1243 254 1317 prudeus
278 1247 307 1299 et
329 1242 422 1300 sciens
443 1242 596 1311 connectit,
619 1261 684 1317 quae
706 1245 885 1308 connectere,
907 1245 937 1298 et
958 1240 1110 1315 disjungit,
1133 1260 1195 1316 qua

127 1324 292 1398 disjungere
317 1323 387 1380 vult.
412 1324 473 1381 Eas
493 1322 617 1397 deniquo
638 1323 773 1379 Rationis
794 1320 865 1378 nihil
886 1324 931 1378 est
951 1325 1062 1395 praeter
1082 1321 1195 1379 modum

127 1403 283 1477 cogitandi,
314 1402 362 1476 qui
393 1402 514 1460 inservit
546 1403 581 1459 ad
614 1421 661 1459 res
691 1401 854 1459 intellectas
879 1399 995 1458 facilius
1023 1403 1195 1468 retinendas,

127 1485 320 1558 nrpiinrndua
343 1491 426 1559 atque
440 1484 652 1558 irnapinandns.
668 1481 725 1540 Ubi
740 1482 908 1551 notandum,
924 1481 999 1555 quod
1015 1500 1069 1555 per
1083 1481 1194 1539 modum

126 1563 273 1638 cogitandi
301 1562 488 1637 intelligimus
513 1561 550 1635 id,
585 1563 659 1636 quod
678 1563 739 1636 jam
760 1561 854 1619 Schol.
877 1561 997 1636 Propos
1020 1563 1048 1618 4.
1071 1565 1145 1635 part.
1170 1560 1193 1624 l,

126 1644 323 1718 explicuimus
366 1663 468 1718 nempe
499 1662 598 1700 omnes
630 1641 815 1716 cogitationis
849 1641 1026 1709 affectiones,
1064 1640 1197 1727 videlicet

126 1724 311 1791 intellectum,
334 1722 472 1793 laetitiam,
494 1722 738 1796 imaginationem,
761 1727 815 1781 etc.

151 1831 314 1946 ,lfssss‘sssslssssl
343 1909 349 1920 .
385 1829 465 1899 Quod
488 1834 584 1887 autem
605 1830 710 1887 dentur
731 1827 847 1904 quidam
868 1827 945 1885 modi
966 1826 1125 1902 cogitandi,
1147 1825 1193 1901 qui

142 1954 182 1997 aa
207 1968 247 1997 res
267 1954 323 1998 rm·
341 1909 504 1967 inserviunt
525 1910 560 1967 ad
583 1929 629 1968 res
650 1908 759 1966 firmius
780 1912 867 1984 atque
887 1906 1003 1965 facilius
1023 1909 1192 1974 retinendus,

177 2030 286 2060 neamus
342 1994 371 2047 et
389 1990 424 2046 ad
439 1989 525 2065 ipsas,
542 1990 657 2065 quando
672 1990 812 2057 volumus,
827 1988 857 2046 in
869 1992 993 2046 mentem
1007 1987 1193 2052 revocandas,

340 2075 390 2127 aut
422 2069 509 2127 menti
542 2075 699 2144 praesentas
730 2069 882 2127 sistendas,
915 2068 988 2125 satis
1015 2072 1132 2125 constat
1151 2066 1194 2131 iis,

127 2150 174 2224 qui
197 2149 347 2207 notissima
368 2150 417 2206 illa
438 2149 539 2223 regula
563 2149 706 2207 Memoriae
729 2154 869 2207 utuntur:
892 2168 950 2224 qua
964 2167 1071 2222 nempe
1085 2148 1120 2205 ad
1135 2166 1192 2204 rem

127 2231 311 2288 novissimam
345 2229 522 2287 retinendam
555 2235 585 2287 et
615 2229 770 2288 memoriae'
789 2228 1008 2304 imprimendam
1041 2229 1079 2285 ad
1111 2227 1192 2285 aliam

127 2311 209 2368 nobis
234 2310 402 2368 familiarem
424 2309 590 2379 recurritur,
614 2330 678 2385 quae
702 2309 747 2367 vel
769 2309 989 2366 nominetenus
1011 2308 1059 2365 vel
1081 2307 1195 2382 reipsa

129 2411 192 2448 cnm
225 2392 279 2448 hac
311 2390 472 2448 conveniat.
505 2391 590 2447 Hunc
622 2389 752 2447 similiter
772 2389 802 2446 in
824 2389 937 2447 modum
959 2387 1130 2461 Philosophi
1149 2406 1195 2446 res

128 2491 227 2527 omnes
248 2471 395 2527 naturales
410 2471 446 2527 ad
461 2476 555 2527 certas
570 2471 676 2528 classes
691 2470 877 2538 reduxerunt,
893 2469 928 2526 ad
944 2487 1018 2543 quas
1033 2472 1193 2534 recurrunt,

127 2551 174 2607 ubi
197 2550 303 2624 aliquid
326 2550 393 2608 novi
414 2549 484 2625 ipsis
509 2550 643 2620 occurrit,
667 2569 739 2626 quas
760 2554 866 2607 vocant
886 2567 982 2624 pensis,
1004 2552 1118 2623 species,
1141 2551 1193 2605 eto.

161 2656 252 2729 peritas
274 2670 308 2700 ⁶0·
381 2658 426 2714 Ad
458 2677 517 2714 rem
540 2657 641 2715 deinde
669 2659 868 2732 explicandum
890 2655 976 2713 etiam
999 2657 1100 2713 modos
1121 2654 1194 2730 cogi-

151 2719 313 2825 iiididlsil?
341 2738 422 2794 tandi
460 2739 606 2807 hahemus,
648 2737 864 2795 determinando
901 2735 1011 2793 scilicet
1046 2756 1109 2794 eam
1143 2754 1194 2810 per

170 2844 296 2901 plicemus.
341 2816 583 2892 comparationem
615 2818 651 2874 ad
684 2818 778 2874 aliam.
810 2815 890 2874 Modi
911 2814 1068 2890 cogitandi,
1092 2816 1194 2891 quibus

340 2897 369 2955 id
400 2897 546 2967 efficimua
580 2903 722 2956 vocantur
742 2905 860 2973 ternpus,
881 2915 1028 2966 nutrieras,
1051 2915 1192 2961 arensnra,

126 2982 155 3034 et
186 2977 210 3035 si
243 2998 307 3053 quae
340 2978 433 3036 adhuc
464 2978 520 3035 alia
552 2982 628 3035 sunt.
661 2978 770 3035 Horum
803 2982 899 3034 autem
930 2981 1046 3050 tempus
1069 2974 1194 3049 ,inservit

126 3058 270 3115 durationi
308 3057 497 3133 explicanda,
529 3077 666 3115 numerus
697 3056 855 3132 quantitati
887 3055 1028 3124 discretae,
1060 3074 1194 3114 mensura.

127 3138 283 3211 quantitati
304 3138 458 3198 continuae.

151 3244 253 3361 ytsqqssqf
268 3258 310 3352 ,200-
383 3244 521 3320 Denique,
544 3265 607 3302 cum
629 3243 737 3301 assueti
757 3242 846 3301 simus
867 3241 1001 3312 omnium,
1025 3261 1092 3317 quae
1113 3241 1193 3300 iutel-

141 3368 180 3411 uta
206 3382 244 3412 res
264 3371 324 3414 inm·
340 3324 465 3399 ligimus,
488 3325 574 3382 etiam
595 3323 736 3398 imagines
755 3323 866 3397 aliquas
879 3321 909 3380 in
924 3326 1025 3380 nostra
1039 3320 1195 3397 phantasia

170 3432 292 3487 armemur.
341 3405 513 3480 depingere3
536 3405 577 3470 fit,
599 3408 632 3461 ut
653 3403 802 3461 asmentia
815 3401 946 3478 positive,
962 3401 1057 3460 instar
1075 3401 1190 3466 entium,

342 3488 540 3560 inmpinernnr.
572 3485 646 3542 Nam
674 3504 755 3542 mans
782 3483 811 3541 in
833 3503 864 3541 se
884 3482 945 3540 sola
966 3486 1107 3556 spectata,
1130 3500 1192 3540 cum

127 3645 339 3654 ———-

160 3733 168 3758 ¹
192 3733 265 3787 Nota,
290 3733 357 3791 quod
383 3734 484 3777 nomino
510 3732 644 3778 Chimaerae
662 3732 703 3776 hic
721 3735 747 3776 st
763 3731 788 3774 in
806 3743 875 3787 seqq.
892 3728 1054 3786 intelligatur
1071 3729 1106 3783 id,
1122 3730 1194 3788 cujus

126 3798 216 3840 natura
235 3800 347 3854 aptatam
366 3796 473 3840 involvit
490 3795 727 3845 contradictionem,
746 3796 775 3838 ut
792 3793 874 3837 fusius
891 3791 1035 3849 explicatur
1052 3792 1114 3851 Cap.
1131 3791 1153 3839 8.
