2662 4290
174 315 229 370 170
406 333 558 372 PRINCIPIA
579 333 784 373 PHILOSOPHIAE
806 332 1007 374 CARTESIANAE.

168 505 278 561 titatem
300 505 408 584 erectim
429 522 493 578 queo
514 505 660 578 quantitas
680 506 711 561 in
731 503 891 578 aequalibus
912 503 1082 579 corporibus
1098 524 1158 580 pro
1179 496 1327 563 cele

169 586 254 640 ritate
285 586 376 641 motuis
407 586 502 659 major
533 602 589 641 esse
619 583 705 651 debet,
738 591 876 658 quatenns
907 602 941 641 ea
962 585 1102 642 celeritate
1122 596 1330 661 corpor

166 665 293 739 aequalia
314 684 332 720 a
354 664 522 738 emporibus
541 666 706 721 immediate
719 662 900 740 taupentibus
910 667 1003 741 maqis
1013 666 1109 722 eodem
1122 673 1331 747 temper

166 752 351 818 separantur,
374 763 461 819 qnam
482 747 507 801 si
527 746 642 802 tardius
663 752 859 802 moverentur:
883 746 1009 820 adeoque
1029 746 1101 820 (per
1126 748 1281 820 Delia
1292 743 1328 827 qt.

168 825 207 895 8.)
236 826 305 898 plus
336 826 428 883 motus
459 826 545 883 etiam
575 825 688 883 babent.
717 824 754 882 In
775 825 978 900 quiescentibus
998 833 1093 883 autem
1113 846 1169 901 per
1195 843 1239 882 v
1257 834 1329 874 tm

169 907 316 962 resistendi
337 906 490 981 intelliqere
511 907 697 979 quantitatem
719 907 829 980 qnietis.
850 906 898 964 Eu
919 906 1021 980 quibus
1041 909 1174 981 sequitur

537 1027 820 1087 OOROLLARIUM
841 1028 865 1086 I.

211 1143 272 1215 Quo
294 1162 418 1218 corpora
435 1146 551 1201 tardius
569 1151 724 1214 moventur,
737 1162 767 1201 eo
785 1146 878 1219 moqis
896 1145 931 1201 de
947 1146 1038 1219 quiete
1050 1135 1328 1221 participari

168 1223 336 1299 corporibus
357 1223 433 1281 enirn
454 1222 576 1281 celerius
596 1222 690 1292 motis,
713 1243 776 1298 quae
789 1222 860 1298 ipsis
873 1228 1039 1295 occurrunt,
1052 1228 1083 1282 et
1096 1220 1325 1284 minoi-011¹,

170 1324 255 1379 quarn
277 1304 348 1379 ipsa,
370 1303 429 1362 vim
450 1304 568 1376 habent,
589 1302 684 1378 magis
703 1302 853 1374 resistunt,
874 1308 905 1362 et
925 1303 1012 1362 etiam
1033 1303 1131 1363 minus
1152 1326 1170 1364 a
1190 1304 1326 1360 cor·

170 1384 288 1460 poribus
308 1383 473 1442 immediate
495 1383 683 1459 tangentibus
703 1387 886 1460 separantur.

532 1506 815 1567 OOROLLARIUM
837 1508 879 1566 H.

211 1625 245 1683 Si
276 1644 380 1699 eorpus
409 1624 545 1699 Aduplo
567 1625 684 1682 cabrinos
700 1631 849 1682 moveatur
870 1643 959 1700 quam
981 1642 1091 1701 corpus
1112 1626 1153 1698 B,
1175 1627 1223 1686 et

170 1707 258 1780 duplo
289 1707 386 1779 majus
416 1707 453 1761 sit
486 1723 573 1780 quom
604 1705 641 1774 A,
663 1705 831 1763 tantundem
851 1706 944 1763 motus
962 1707 1054 1763 estin
1077 1707 1106 1764 B
1129 1698 1326 1783 nrajffll

170 1805 258 1860 quam
279 1787 310 1842 in
331 1785 359 1842 A
380 1786 496 1855 minori,
519 1803 552 1842 aa
567 1786 696 1860 proinde
716 1787 799 1842 otiam
822 1786 943 1858 aequal-is
963 1787 1015 1844 ais.

589 1927 819 1970 DEMONSTRATIO·

210 2023 254 2082 Sit
284 2026 309 2082 B
341 2023 428 2099 duplo
459 2024 553 2098 majus
574 2043 660 2099 quam
681 2025 717 2096 A,
739 2029 769 2083 et
790 2025 816 2082 Α
838 2025 924 2102 duplo
946 2023 1069 2085 celerius
1089 2021 1254 2087 monens¹
1268 2018 1329 2057 ¹¹¹

169 2125 254 2181 quarn
276 2106 310 2175 B,
332 2109 362 2162 ct
382 2124 468 2179 porro
490 2104 511 2162 Ο
533 2104 619 2179 duplo
640 2104 735 2162 minus
755 2104 794 2163 sit
814 2124 900 2180 quam
921 2107 955 2177 B,
978 2110 1009 2164 et
1030 2096 1326 2186 auplotaclijs

168 2190 320 2244 moveatur
340 2204 426 2260 quarn
447 2185 489 2256 A3
512 2204 582 2259 ergo
604 2186 628 2242 B
650 2186 715 2261 (per
736 2186 857 2260 Propos.
879 2186 926 2245 21.
942 2187 1041 2262 hujus)
1054 2187 1275 2264 duplomaJ
1294 2181 1324 2218 θ’

169 2286 229 2324 rem
250 2265 369 2324 habebit
389 2270 507 2334 motum,
530 2284 616 2340 quarn
640 2265 671 2335 Ο,
693 2269 724 2323 et
744 2266 770 2322 A
793 2241 1322 2344 (perPr·op.22.hnjus)d11P]⁰

169 2347 306 2421 majoram
327 2350 436 2426 motum
458 2345 585 2416 habebit,
608 2365 693 2420 quarn
715 2345 755 2416 03
777 2365 847 2420 argo
870 2351 939 2422 (per
960 2349 1079 2408 Axiam.
1104 2346 1228 2423 15.)}3
1278 2328 1321 2379 ‘t

169 2429 195 2484 A
227 2427 365 2501 aequalem
387 2430 494 2484 motum
516 2426 640 2496 habent;
662 2429 707 2483 est
728 2426 804 2483 enirn
825 2426 974 2502 utriusque
995 2431 1093 2488 motus
1115 2422 1318 2506 ejusdem

170 2507 249 2564 tertii
270 2507 291 2564 O
314 2506 425 2581 duplus.
449 2508 480 2579 Q.
503 2507 537 2564 Ε.
559 2508 597 2564 D.

524 2629 807 2690 GOROLLARIUM
829 2631 884 2690 Ill.

209 2737 255 2795 Ex
276 2736 321 2794 his
342 2736 481 2811 sequitur,
503 2745 610 2796 motum
632 2759 650 2796 o
662 2740 801 2796 celeritate
812 2740 958 2815 distinqui.
971 2738 1160 2816 Concipimus
1169 2722 1309 2817 ossif]

171 2837 331 2893 corporum,
361 2838 425 2893 quae
449 2819 589 2894 aequalem
610 2819 720 2877 habent
741 2818 927 2889 celeritatem,
949 2839 1039 2879 unum
1061 2821 1129 2896 plus
1150 2813 1307 2882 mot¹³⁸

170 2899 276 2957 habere
306 2918 391 2973 posse
423 2919 509 2974 quam
537 2898 615 2956 aliud
637 2901 705 2973 (per
726 2901 849 2972 Propos.
871 2900 918 2958 21.
941 2901 1056 2976 hujin);
1080 2906 1111 2960 et
1133 2893 1302 2962 contras

171 2999 234 3054 quae
254 2979 427 3054 inaequalem
449 2981 558 3037 habent
569 2979 754 3049 celeritatem,
767 2980 907 3055 aequalem
918 2984 1028 3039 motum
1039 2981 1152 3042 habero
1160 2973 1301 3061 p055⁰

171 3066 178 3122 l
182 3080 235 3134 per
260 3061 362 3118 Corotl,
379 3061 528 3134 praeced).
552 3059 633 3128 Quod
655 3058 730 3117 idern
751 3053 1300 3125 etiamexsolamotasdafinitiof!⁹

170 3139 332 3213 colligitur;
355 3139 426 3197 nihil
447 3139 523 3198 enim
544 3138 622 3197 aliud
643 3145 696 3207 est,
722 3160 808 3214 quarn
829 3140 984 3199 translatio
1005 3141 1094 3200 unius
1116 3133 1298 3220 οοηκὶῗ18

170 3240 207 3276 ox
227 3219 342 3289 vicinia,
365 3225 419 3278 oto.

216 3300 321 3357 Verum
351 3301 395 3359 ltie
425 3302 592 3371 notandum,
630 3300 822 3358 Corollarium
852 3301 904 3359 boc
930 3305 1047 3360 tertium
1063 3306 1167 3378 primo
1187 3292 1296 3359 nm

169 3400 341 3456 repuqnare.
372 3381 450 3438 Nom
472 3383 599 3438 celeritas
619 3381 730 3439 duobus
749 3384 842 3440 rnodis
863 3402 880 3440 a
901 3381 982 3440 uobis
1002 3385 1181 3459 concipitur:
1226 3354 1294 3424 vd

170 3467 308 3535 quatenus
337 3479 442 3535 corpus
473 3463 591 3536 aliquod
621 3464 714 3538 rnaqis
744 3470 794 3519 cut
826 3464 922 3520 minus
951 3465 1046 3521 eodem
1077 3471 1233 3540 tenpore
1280 3450 1294 3489 ‘¹

169 3542 337 3616 corporibus
357 3543 430 3598 illud
450 3543 612 3599 immediate
622 3543 801 3618 tonqentibus
812 3549 975 3617 separatur,
987 3552 1012 3601 et
1023 3551 1142 3603 eatenus
1151 3515 1294 3603 motffl

169 3623 210 3678 oei
231 3624 340 3697 quietus
356 3623 428 3695 plns
448 3623 489 3678 oei
511 3624 606 3679 naturis
615 3625 777 3697 participat
782 3646 795 3698 ;
809 3625 849 3680 oet
861 3630 1000 3698 quotenus
1009 3626 1106 3683 eodem
1116 3611 1294 3701 tonpfi‘

171 3705 308 3777 rirenjorem
340 3704 380 3759 ael
408 3704 547 3759 minorem
571 3705 675 3760 lineam
707 3704 846 3773 describit,
873 3711 898 3760 et
920 3711 1035 3762 eotenus
1056 3724 1075 3762 a
1096 3713 1173 3763 motu
1216 3681 1292 3748 ἆτ’

169 3785 333 3857 stiuquitur.
