2662 4290
133 326 191 384 134
374 344 522 383 reluvium
544 343 745 383 rulLueormn:
763 342 960 382 consumtum.

173 512 250 570 Noto
281 512 331 584 11,
364 514 439 585 qnod
471 513 517 570 tic
549 531 605 570 non
637 512 783 588 lopunmr
813 513 847 569 de
875 512 1084 586 pulchritudini

131 594 198 650 otiis
218 593 453 668 perfectionibus,
478 612 551 666 oreos
572 593 697 650 domines
718 612 752 651 en
772 594 971 667 superstitione
991 598 1016 649 et
1037 594 1084 668 ipn

127 673 314 748 perfectiones
352 692 451 731 vocure
490 675 647 731 coiecerunt.
680 674 736 731 Sed
765 692 817 747 per
843 672 1047 747 perfectionem
1082 695 1084 728 a

130 760 242 810 trintum
270 753 437 824 restitutens,
458 756 515 811 sire
535 772 608 828 essm
629 759 659 809 nt
681 772 714 810 er
734 773 779 827 pr.
803 752 1013 810 insubstantia
1030 753 1084 827 ptn

130 835 197 891 tntis
218 835 357 890 contineri
373 835 512 908 percipio,
535 853 623 909 qeeorn-
645 834 676 890 in
699 832 1077 904 modissioeoeeidentidns;

131 913 225 987 ipsum
258 915 350 988 inopis
381 916 571 971 successorium
598 920 623 970 et
640 914 841 988 perfectiorem
863 914 1041 970 enistentiom
1063 931 1084 970 oe

130 995 205 1050 ctare
235 993 369 1068 intellipo,
402 1013 489 1069 uriom.
521 994 688 1063 occidentia,
723 999 752 1050 ut
783 1013 817 1052 en
844 994 960 1050 Axiom.
986 993 1014 1050 4.
1037 999 1061 1049 ct

130 1079 246 1130 constat.

517 1178 809 1238 COROLLARJUM.

169 1318 246 1378 Hine
280 1319 420 1396 sequitur,
453 1319 587 1396 quicquid
623 1320 813 1379 necessariam
848 1320 1032 1380 existentiam
1068 1320 1084 1378 ir

129 1419 193 1458 esse
214 1419 266 1458 ens
287 1420 397 1459 summe
419 1401 589 1476 perfeetum,
611 1420 662 1459 seu
684 1402 785 1461 Deum.

541 1543 710 1602 LEMMA
744 1543 782 1603 ΙΙ.

173 1687 229 1758 Qui
250 1687 409 1758 potentium
431 1686 511 1743 teobet
531 1705 560 1743 se
581 1687 775 1756 conseri-andi,
798 1687 861 1760 ejus
882 1692 989 1743 tratura
1011 1705 1084 1743 neces

130 1766 244 1824 innotuit
265 1767 451 1823 existentiam.

549 1899 779 1940 DEMONSTRATIO.
797 1938 800 1943 ,

169 2005 224 2075 Qui
255 2004 314 2064 vim
341 2005 430 2064 hebet
460 2025 491 2063 se
512 2005 713 2074 conservandi,
734 2004 792 2063 vim
814 2003 901 2063 etiem
923 2005 1011 2063 hahet
1032 2024 1064 2062 se

127 2088 195 2162 (per
235 2088 292 2144 Ae.
327 2085 397 2160 lo),
428 2086 490 2144 hoo.
512 2090 556 2144 est
589 2088 634 2158 (ut
664 2085 748 2143 facile
779 2104 878 2143 omnes
909 2085 1081 2158 concedent)

126 2165 238 2241 indiget
269 2173 357 2224 causis
390 2171 509 2244 externit
542 2165 577 2224 ed
609 2164 801 2235 existendum,
831 2165 880 2223 sed
903 2165 964 2223 sole
983 2164 1075 2239 ipsius

127 2245 182 2304 erit
213 2265 300 2305 eausa
325 2246 481 2317 sufficione,
503 2251 536 2304 ut
556 2244 674 2315 exist-et,
696 2246 742 2303 vei
763 2244 938 2321 possibiliter
959 2245 1004 2302 vel
1026 2264 1084 2303 nee

126 2329 167 2384 At
197 2345 255 2385 non
283 2325 473 2403 possibiliter3
501 2345 566 2384 num
589 2327 716 2401 (perid,
739 2327 913 2402 quodcirca
937 2327 993 2384 ele.
1019 2326 1066 2384 10.

125 2408 228 2479 stroui)
257 2411 319 2464 tum
348 2426 384 2464 ex
414 2427 456 2480 eo,
479 2405 554 2481 quod
574 2406 634 2482 jam
657 2405 803 2476 existeret,
826 2425 884 2463 non
905 2409 1084 2480 sequeretur,

125 2491 227 2560 postea
247 2485 406 2545 extiturum
429 2488 516 2563 (cpeod
537 2494 575 2544 est
597 2493 698 2557 contro
721 2486 820 2562 Hyp).
843 2486 922 2560 Ergo
944 2504 1084 2543 necessar:

126 2571 179 2637 est,
202 2565 264 2641 ejus
285 2569 392 2625 natura
413 2565 603 2625 necessariam
627 2565 751 2624 involvit
771 2564 964 2625 existentium.
1003 2567 1034 2637 Q.
1057 2567 1084 2624 E

546 2737 776 2776 nunrousrunrro.

511 2853 720 2927 Propositionis
747 2853 812 2911 VII.

167 2984 197 3044 Si
231 2984 287 3044 vim
309 2985 445 3044 haberem
467 2983 626 3061 meipsum
648 2984 847 3056 conservandi,
872 2984 939 3043 tetis
960 3005 1051 3043 essem
1075 3005 1084 3043 1

126 3071 159 3124 ut
191 3065 383 3149 necessariam
415 3065 591 3141 involverem
621 3065 804 3124 existentiam
827 3068 898 3141 (per
922 3066 1027 3124 Lerrrm.
1051 3066 1084 3139 2.]

126 3156 135 3215 t
145 3165 199 3220 per
224 3146 316 3204 (tor-ot.
340 3147 448 3204 Lennn.
473 3147 509 3215 1.)
522 3165 586 3203 meu
597 3150 702 3203 natura
714 3165 813 3204 omnes
824 3145 985 3204 contineret
996 3146 1084 3220 perfer

126 3223 218 3299 Atqui
239 3223 269 3283 in
290 3244 344 3296 me,
368 3232 511 3300 quatenus
532 3245 594 3283 sum
615 3245 662 3284 res
682 3225 824 3300 cogitans
839 3226 946 3283 multus
966 3225 1084 3301 imperfe

127 3304 255 3375 invenio,
278 3310 310 3363 ut
333 3306 408 3381 quod
431 3305 567 3376 dubitem,
590 3306 664 3380 quod
686 3305 809 3382 cupium,
831 3311 895 3375 etc,
908 3305 1011 3380 quibus
1025 3311 1033 3374 (
1038 3326 1084 3380 per

127 3386 246 3460 Propos.
280 3386 322 3458 4.)
354 3405 418 3444 sum
450 3392 565 3456 certus3
599 3405 669 3460 ergo
694 3386 802 3444 nullam
824 3386 883 3443 vim
904 3386 996 3444 haheo
1018 3405 1064 3443 1ne

127 3464 223 3523 vendi.
246 3465 306 3524 Neo
327 3465 422 3524 dicere
443 3485 568 3541 possum,
590 3466 666 3541 quod
687 3465 750 3524 ideo
769 3466 830 3541 jum
849 3485 933 3524 careo
947 3465 1003 3524 illis
1017 3466 1084 3541 peri

126 3547 188 3616 bus,
223 3544 290 3620 quio
321 3565 370 3603 eus
402 3544 470 3602 mihi
501 3546 560 3620 jem
593 3547 737 3620 denegare
765 3546 846 3617 volo;
869 3546 985 3604 numid
1007 3546 1084 3604 clare

126 3625 268 3683 Lemmeti
290 3631 319 3683 et
340 3625 375 3696 ei,
401 3626 476 3700 quod
499 3625 529 3683 in
549 3645 595 3683 me
616 3627 687 3701 (per
708 3630 764 3685 Ar.
788 3628 827 3700 5.)
849 3626 926 3685 clare
946 3626 1068 3701 reperio,

127 3710 221 3763 naret.

168 3783 279 3843 Deinde
310 3804 367 3843 non
400 3804 514 3860 possum
545 3785 605 3861 jum
627 3786 760 3857 existere,
783 3785 853 3862 quin
874 3806 1037 3858 conserver,
1060 3808 1084 3864 qi
