2662 4290
131 299 187 356 180
367 317 514 356 PRINCIPIA
538 315 742 356 personuerunt
763 315 965 357 cunrnsrnurn.

552 505 782 544 Dnuonsrnurw.

171 617 281 693 Corpus
311 618 345 687 B,
378 617 510 693 quamvis
541 618 695 676 admodum
728 637 864 692 magnum
895 617 1034 692 fingatur,
1066 617 1207 693 impulsu,

132 696 318 773 quantumvis
356 697 471 772 exiguo,
504 698 613 757 moveri
645 699 730 756 debet
761 706 833 773 (per
862 698 983 772 Proqros.
1016 698 1063 756 33.
1097 700 1208 773 lrrq‘us).

131 777 331 853 Concipiamus
361 777 452 852 igitur
482 779 507 835 B
539 778 698 853 quadruplo
729 778 823 854 majus
843 797 906 836 esse
927 796 1048 852 corpore
1068 782 1205 851 externo,

131 859 213 933 cujus
244 857 273 915 vi
305 857 436 933 pellitur;
466 878 531 916 curn
552 877 622 933 ergo
644 861 711 934 (per
732 859 838 925 Prrec.)
859 860 944 916 ambo
965 876 1047 932 aeque
1069 859 1208 916 celeriter

130 937 240 995 moveri
271 938 404 1009 debeant,
437 939 599 1013 quadruplo
620 937 706 996 etiam
727 938 793 1014 plus
813 943 908 996 motus
929 937 1035 996 critiri
1057 939 1092 1008 B,
1116 958 1207 1014 quarn

131 1018 160 1075 in
183 1037 302 1092 corpore
323 1023 453 1082 externo.
475 1038 493 1076 a
514 1038 569 1093 quo
590 1018 707 1093 pellitur
728 1020 803 1094 (per
824 1020 912 1092 Prop.
925 1018 1100 1092 21.lmJ'ns);
1114 1038 1209 1094 quare

129 1099 199 1173 (per
231 1101 288 1156 Aa.
322 1098 348 1157 8.
382 1100 464 1156 Part.
499 1100 536 1173 1.)
568 1098 744 1174 praecipuam
774 1102 887 1175 partem
918 1097 964 1156 sui
994 1103 1092 1155 motus
1124 1119 1142 1156 a
1174 1099 1208 1157 vi

130 1182 253 1236 externa
283 1197 341 1236 non
373 1179 469 1236 habet.
502 1179 540 1237 Et
571 1178 639 1254 quia
669 1182 775 1254 praetar
806 1178 880 1236 hanc
906 1178 994 1236 nullae
1016 1177 1082 1236 aliae
1106 1198 1207 1237 causae

130 1264 341 1333 supponuntur,
373 1278 458 1333 quam
490 1278 618 1335 corpora,
651 1258 794 1334 aquibus
815 1257 951 1316 continuo
973 1258 1102 1332 cingitur
1124 1261 1205 1331 (narn

129 1339 221 1413 ipsum
254 1339 278 1395 Β
310 1358 346 1396 ex
378 1358 408 1396 se
439 1338 586 1398 immotum
612 1338 810 1414 supponitur);
832 1358 849 1396 a
870 1337 938 1396 solis
959 1357 1030 1413 ergo
1051 1340 1124 1412 (per
1146 1341 1207 1399 Aa.

131 1421 156 1476 7.
191 1421 273 1476 Part.
305 1422 344 1490 1.)
366 1419 542 1494 corporibus
565 1439 582 1477 a
603 1419 706 1494 quibus
727 1417 863 1493 cingitur,
885 1417 1062 1495 praecipuam
1086 1431 1207 1493 partem

129 1499 173 1557 sui
196 1505 290 1556 motus
311 1498 423 1574 accipit,
448 1519 506 1557 non
527 1504 625 1558 autem
647 1519 665 1557 a
686 1498 715 1556 vi
736 1503 868 1557 externa.
890 1500 922 1572 Q.
944 1499 978 1557 Ε.
1000 1500 1039 1557 D.

172 1580 256 1642 Nota.
289 1580 366 1654 quod
386 1580 432 1638 hic
452 1599 510 1637 non
525 1598 689 1655 possumus,
711 1586 742 1636 ut
762 1598 863 1653 supro,
885 1580 987 1649 dicere,
1010 1580 1088 1654 quod
1110 1587 1209 1638 motuis

125 1660 344 1734 particularum
365 1660 401 1716 ab
422 1679 480 1717 una
497 1668 584 1735 purte
598 1662 768 1717 uenientium
781 1661 950 1734 requiratur
960 1660 1000 1717 ad
1011 1661 1206 1718 resistendum

129 1742 218 1797 motui
235 1742 453 1813 erticnlarnm
475 1760 493 1797 a
514 1742 663 1798 contraria
679 1747 767 1814 parte
788 1741 1207 1814 uenientiunmnamaorpara,

128 1821 235 1894 (equali
256 1827 332 1877 motu
355 1828 397 1885 tut
418 1821 476 1877 iseo
496 1827 710 1895 mrqqronunturt
733 1838 829 1877 uersus
848 1838 877 1876 se
898 1821 1016 1876 inuicem
1039 1827 1128 1887 irrata,
1141 1823 1208 1878 sola

129 1901 362 1957 determinatione
381 1898 399 1967 ¹,
431 1919 488 1958 nou
519 1919 583 1958 uero
614 1907 700 1967 rnatu,
733 1902 880 1957 contraria
910 1906 978 1957 sunt
1005 1900 1071 1974 (per
1098 1900 1196 1959 Coreli

127 1980 214 2054 Pron.
240 1981 285 2037 19.
308 1981 413 2055 liujus),
436 1982 555 2055 ideoque
575 1982 664 2038 solam
686 1981 949 2037 determinationem
969 1982 1001 2037 in
1015 1980 1070 2038 sibi
1081 1983 1206 2038 inuicem

128 2061 281 2117 resistendo
306 2061 485 2134 impendunt.
508 2080 565 2118 non
587 2079 651 2118 uero
672 2067 800 2133 motum,·
820 2079 853 2117 ac
868 2066 1028 2134 propterea
1048 2078 1156 2135 corpus
1176 2061 1208 2118 Β

127 2141 200 2197 nihil
231 2141 483 2207 determinationis,
517 2148 542 2197 et
573 2147 770 2215 consequenter
801 2141 872 2214 (per
907 2140 1008 2197 Caroli.
1039 2140 1130 2215 Prop.
1153 2141 1203 2200 27.

127 2221 225 2295 tuqus)
248 2221 320 2278 uilul
341 2223 498 2288 celeritatis,
522 2228 662 2295 qnatenus
683 2240 701 2277 a
722 2227 800 2277 rriotu
820 2221 1016 2296 distinquitur,
1039 2239 1058 2276 a
1072 2221 1206 2296 corpori·

127 2301 179 2357 bus
209 2302 476 2373 circumjacentibus
508 2303 634 2375 occipere
661 2307 759 2375 polest.
789 2302 829 2357 Ar
850 2301 964 2374 quidem
986 2307 1111 2372 motuum
1133 2303 1202 2373 ime,

127 2382 270 2438 accedente
290 2384 317 2437 ui
339 2382 502 2450 adventitio,
524 2383 681 2439 necessario
703 2381 738 2437 ab
761 2382 796 2437 iis
816 2382 922 2437 rrioueri
943 2380 1029 2449 debet,
1053 2387 1084 2437 ut
1107 2384 1139 2438 in
1150 2382 1204 2438 trac

122 2463 319 2535 propositione
339 2462 603 2530 demonstrauimus,
625 2468 650 2518 et
671 2480 705 2518 eu
726 2461 818 2530 otrodo,
841 2479 895 2535 quo
917 2460 964 2517 33.
983 2478 1072 2535 prop.
1085 2463 1200 2519 demon·

125 2543 288 2610 stravimus,
311 2542 388 2598 clare
410 2543 504 2599 uidere
525 2548 571 2599 est.

418 2673 742 2732 PROPOSITIO
771 2673 905 2732 XXXVI.

169 2807 201 2864 Si
238 2826 342 2882 carptis
380 2810 505 2884 aliquod,
538 2827 580 2865 eu.
612 2827 658 2884 qr.
691 2825 795 2864 uranus
826 2813 933 2876 nostra,
966 2825 1199 2882 quaquaversum

127 2890 234 2963 (squali
265 2895 342 2945 motu
373 2892 480 2946 moueri
502 2895 604 2964 posset,
626 2890 668 2945 itu
688 2894 719 2944 nt
739 2887 827 2944 nullis
846 2885 1015 2960 corporibus
1036 2889 1096 2946 ullo
1118 2891 1199 2947 modo

126 2971 246 3039 resistat,
268 2988 357 3043 neque
377 2970 438 3026 ulla
459 2971 518 3026 alia
539 2987 662 3042 corpora
682 2969 739 3042 ipsi
759 2968 817 3024 ullo
838 2967 921 3023 moda
942 2969 1097 3045 resistant;
1111 2989 1196 3028 neces·

125 3051 206 3107 suria
234 3051 265 3106 in
286 3052 334 3107 illo
355 3052 457 3123 spatio,
475 3068 531 3124 per
552 3049 628 3124 quad
648 3050 688 3105 sic
708 3053 875 3113 moueretur,
897 3053 936 3103 tot
956 3065 1083 3122 corpora
1105 3067 1199 3108 uersus

126 3147 216 3186 renam
244 3136 369 3203 partem,
403 3149 490 3203 quam
521 3147 617 3186 uersus
648 3146 856 3203 quamcumque
876 3127 976 3195 aliam,
999 3130 1108 3203 aquali
1129 3132 1199 3188 inter

125 3227 161 3276 se,
183 3215 208 3265 et
229 3210 336 3283 aequali
357 3228 421 3266 oiim
442 3229 539 3278 inanit,
563 3210 589 3266 ui
611 3209 760 3266 celeritatis
781 3207 972 3264 movebuntur.

551 3359 778 3399 nuuortsrnurlo.

165 3474 221 3532 Per
242 3474 351 3532 nullum
372 3472 497 3548 spatium
519 3472 633 3546 aliquod
655 3490 759 3546 corpus
779 3470 889 3529 moveri
909 3475 1016 3547 potest,
1039 3474 1119 3548 quod
1143 3491 1243 3533 nott

159 3664 165 3688 ¹
191 3660 245 3705 vid.
271 3661 344 3719 Prop.
362 3659 399 3705 24.
417 3659 506 3716 hujus:
525 3659 549 3704 in
568 3673 598 3704 en
615 3659 681 3704 enirn
700 3659 750 3704 duo
768 3671 882 3717 corpora,
899 3658 924 3703 in
942 3657 992 3704 sibi
1009 3659 1123 3707 invicem
1141 3662 1243 3708 resi-

125 3722 225 3777 utendo,
250 3736 321 3768 suam
345 3721 593 3776 determinationem,
611 3734 659 3766 non
678 3734 737 3766 vero
755 3724 850 3766 motum
868 3721 1023 3779 impendere,
1040 3722 1243 3770 demonstr!

125 3790 179 3830 tum
197 3788 243 3830 est.
