2662 4290
132 349 194 408 164
369 367 519 407 neruoram
540 365 745 407 amoosorum:
770 365 974 406 cananaeum.

550 552 780 593 oauonsrnamo.

173 669 257 728 Patet
278 669 332 727 hoo
353 688 390 727 ex
411 688 493 745 prop.
514 688 621 744 praeo.;
643 671 781 736 attamen,
804 667 841 726 ad
862 667 1064 744 praejudicium
1081 671 1116 728 de
1126 677 1201 729 motu

135 749 355 820 emendandum,
377 749 442 824 lege
463 750 528 808 Art.
551 749 599 807 37.
621 751 651 806 et
672 749 719 806 38.
742 748 822 806 Part.
845 748 874 806 2.
896 748 1023 824 Princip.

451 906 775 968 PROPOSITIO
807 908 871 965 XV.

173 1048 262 1105 Omne
296 1064 400 1121 eorpus
426 1053 534 1104 motum
554 1065 589 1104 ex
610 1065 639 1104 se
658 1048 721 1121 ipso
741 1047 839 1117 tendit,
862 1053 895 1104 ut
914 1049 1077 1106 secundum
1099 1051 1198 1108 tineam

129 1135 245 1197 rectam,
266 1146 323 1185 non
344 1145 408 1184 vero
430 1146 558 1195 atervam,
578 1132 680 1202 perpet
700 1129 815 1184 moveri.

168 1261 253 1319 Hane
284 1258 509 1336 propositionem
539 1258 616 1318 inter
647 1258 795 1317 axiomata
826 1279 980 1320 numerare
1007 1261 1117 1334 lioeret,
1139 1282 1198 1321 eam

128 1346 226 1400 tamen
248 1360 285 1400 ex
305 1339 536 1417 praeoedentibus
557 1339 598 1398 sio
619 1339 831 1398 demonstrabo.

550 1511 782 1553 Dauonsrufflo.

169 1627 275 1698 Motus,
298 1625 366 1702 quia
386 1627 478 1684 Deum
499 1630 614 1684 tantum
636 1627 706 1702 (per
726 1627 846 1702 Propos.
871 1627 918 1685 12.
930 1629 1032 1703 hujus)
1049 1648 1102 1704 pro
1115 1649 1198 1688 causa

130 1707 226 1777 habet,
258 1707 366 1765 nullam
397 1726 525 1782 unquam
554 1726 592 1764 ex
619 1726 650 1764 se
677 1706 736 1765 vim
756 1707 845 1765 habat
866 1707 903 1766 ad
925 1707 1109 1768 existendum
1132 1712 1197 1785 (per

134 1789 244 1845 Axiam.
262 1789 308 1846 10.
316 1794 390 1862 part
404 1787 452 1859 1,),
464 1786 514 1844 sed
525 1785 659 1844 omnibus
669 1786 822 1846 momentis
833 1806 851 1844 a
862 1788 924 1846 Deo
936 1788 1019 1864 quasi
1030 1795 1198 1864 procreatur

127 1868 199 1941 (per
219 1869 279 1937 illo,
302 1887 366 1943 quoe
387 1869 623 1925 demonstrantur
643 1870 721 1926 circa
742 1868 870 1925 Autome
888 1869 953 1942 jem
968 1872 1110 1941 citatum).
1123 1871 1196 1941 Qua-

126 1952 254 2022 propter,
277 1946 414 2022 quamdiu
435 1946 471 2004 ad
494 1946 583 2004 solam
598 1951 694 2005 motus
705 1952 840 2006 naturam
852 1948 1039 2016 attendimus,
1052 1969 1196 2026 nunquam

126 2027 180 2102 ipsi
211 2028 392 2085 durationem
423 2027 551 2085 tribuero
570 2026 737 2102 poterimus,
759 2032 899 2104 tanquam
921 2029 958 2087 ad
980 2029 1043 2106 ejus
1066 2036 1196 2089 naturam

127 2106 328 2182 pertinentem,
361 2127 427 2183 quae
454 2108 547 2182 major
567 2107 624 2165 alia
645 2111 742 2183 potest
763 2107 884 2183 oonoipi.
907 2111 949 2167 At
969 2109 995 2167 si
1017 2110 1140 2179 dicatur,
1163 2111 1195 2168 ad

127 2192 261 2246 naturam
293 2187 415 2263 alicujus
446 2187 573 2262 eorporis
603 2188 674 2245 moti
705 2187 860 2264 pertinere,
893 2192 926 2246 ut
952 2188 1059 2248 lineam
1081 2211 1201 2249 curvam.

127 2268 252 2344 aliquam
273 2288 325 2326 suo
346 2272 426 2326 motu
447 2267 600 2337 describat,
622 2267 715 2342 magis
729 2268 895 2326 diuturnam
911 2269 1093 2328 durationem
1105 2277 1201 2329 motus

126 2354 239 2406 naturae
271 2348 456 2419 tribueretur,
490 2367 576 2423 quam
607 2347 657 2406 ubi
687 2348 868 2424 supponitur,
900 2349 936 2407 de
968 2351 1099 2426 eorporis
1130 2351 1201 2410 moti

127 2433 232 2487 natura
254 2448 324 2498 esse,
347 2428 466 2487 tendere
488 2432 520 2486 ut
541 2429 650 2486 moveri
671 2432 777 2504 pergat
799 2429 957 2487 seeundum
971 2430 1080 2489 lineam
1091 2437 1201 2490 rectam

127 2510 197 2583 (per
228 2511 284 2566 Aa.
320 2509 389 2581 lu).
421 2508 491 2566 Cum
523 2512 620 2566 autem
653 2509 697 2580 (ut
720 2512 789 2583 jam
820 2511 1092 2585 demorwtraoimus)
1112 2513 1201 2570 talem.

127 2587 307 2646 durationem
338 2593 433 2646 motus
462 2592 574 2646 naturae
594 2588 723 2647 tribuere
743 2609 802 2648 non
822 2609 991 2664 possumus;
1013 2610 1085 2667 ergo
1106 2611 1201 2668 neque

127 2667 214 2726 etiam
245 2687 362 2742 ponere,
394 2668 469 2743 quod
490 2668 525 2726 de
547 2668 676 2744 corporis
697 2669 768 2727 moti
789 2675 896 2728 natura
915 2669 964 2746 sit,
987 2675 1020 2729 ut
1041 2673 1201 2731 seeundum

126 2747 214 2806 ullam
239 2747 344 2806 lineam
365 2768 492 2817 curvam,
515 2749 565 2806 sed
587 2753 701 2806 tantum
722 2754 756 2807 ut
777 2750 935 2808 seeundum
956 2755 1067 2810 rectam
1090 2751 1201 2811 moveri

126 2833 239 2904 pergat.
265 2829 296 2900 Q.
319 2828 354 2888 E.
377 2831 413 2888 D.

556 2952 765 3012 scHOLIUM.

166 3087 239 3145 Haeo
259 3086 475 3146 Demonstratio
486 3085 632 3144 videbitur
641 3087 741 3145 forsan
751 3086 850 3144 multis
861 3107 919 3146 non
930 3088 1026 3164 magis
1035 3091 1201 3159 ostendere,

126 3166 162 3224 ad
195 3171 329 3225 naturam
354 3171 448 3225 motus
468 3186 527 3224 non
547 3167 703 3242 pertinere,
726 3171 759 3224 ut
779 3167 885 3226 lineam
905 3188 1034 3242 curvam,
1057 3189 1143 3245 quam
1163 3174 1201 3228 ut

126 3245 231 3304 lineam
262 3251 371 3304 rectam
403 3246 562 3318 describat,
594 3247 680 3322 idque
710 3252 873 3323 propterea,
907 3249 984 3324 quod
1005 3249 1087 3308 nulla
1107 3249 1201 3326 possit

126 3325 270 3400 assignari
300 3332 388 3397 reeta,
420 3347 478 3402 qua
509 3327 602 3386 minor
633 3327 694 3386 sivo
725 3332 806 3385 reeta
827 3327 888 3386 sive
910 3348 1001 3388 cuma
1022 3350 1082 3388 non
1103 3331 1201 3400 detur.

126 3425 219 3482 neque
249 3407 307 3464 ulla
333 3427 431 3478 curva,
454 3426 511 3483 qua
533 3406 620 3466 etiam
641 3408 698 3466 alia
719 3427 809 3466 curva
829 3407 924 3467 minor
944 3429 1003 3468 non
1025 3411 1119 3469 detur.
1141 3411 1201 3468 At-

126 3493 231 3558 tamen,
265 3487 397 3563 quamvis
422 3488 485 3546 haeo
506 3486 692 3559 considerem,
714 3488 989 3548 demonstrationem
1011 3490 1201 3549 nihilominus-z

125 3573 203 3625 reete
233 3567 388 3642 proaedere
417 3566 530 3642 judico:
562 3569 791 3643 quondoquidem
813 3569 876 3644 ipsa
896 3589 934 3628 ex
955 3571 1017 3629 sola
1038 3567 1201 3630 universali

125 3647 259 3717 essentia,
298 3647 360 3706 sive
399 3647 547 3706 essentiali
578 3648 748 3720 differentia,
780 3648 922 3707 linearum
954 3653 1024 3724 (non
1057 3672 1125 3710 vero
1156 3667 1201 3707 exa

125 3727 350 3804 uniuscujusque
381 3727 554 3804 quantitate,
586 3728 648 3787 sive
669 3728 839 3788 aeoidentali
861 3728 1036 3805 differentia)
1057 3732 1095 3803 id,
1118 3726 1201 3806 quod-⁵

125 3806 379 3866 demonstrandum
400 3808 625 3884 proponebatur,
647 3809 801 3869 concludit.
823 3809 941 3880 Verum,
964 3831 1001 3871 ne
1022 3832 1082 3871 rem
1096 3830 1148 3886 per
1160 3825 1201 3867 se
