2662 4290
128 309 185 367 138
362 326 512 366 rnrnomm
534 325 734 366 rumosorfflm
755 327 953 367 onnrusmum.

498 492 782 553 COROLLARIUM
803 493 827 553 Ι.

167 674 248 731 Dens
270 680 308 731 est
330 675 458 731 omnium
480 692 580 730 rerum
605 675 731 733 Creator.

542 877 773 918 uuuousrnauw.

166 1019 244 1076 Deus
277 1019 346 1093 (per
377 1017 474 1093 prmo.)
506 1018 602 1076 omnia
630 1023 793 1089 conservat,
816 1018 871 1077 hcc
892 1024 937 1076 est
958 1019 1026 1093 (per
1047 1021 1107 1077 Aa.
1132 1019 1192 1089 10.)

125 1097 231 1169 omniu,
254 1117 319 1174 quae
341 1097 480 1169 existunt,
502 1098 613 1157 creavit
634 1103 664 1158 et
685 1098 780 1157 adhuc
801 1098 938 1157 continuo
960 1102 1048 1158 creat.

488 1299 773 1359 GOROLLARIUM
795 1300 834 1359 ΙΙ.

165 1478 221 1535 Rea
241 1479 350 1536 neruum
374 1497 408 1536 ee
428 1497 457 1536 ae
479 1478 579 1536 liabent
604 1480 762 1548 essentiam,
786 1496 850 1554 pure
870 1480 907 1535 ait
928 1496 1016 1535 euerso
1033 1481 1192 1552 counitioni

127 1559 200 1631 Deo,
232 1559 280 1615 aed
311 1565 420 1629 contro,
457 1559 536 1616 Deua
567 1564 606 1616 est
633 1577 720 1617 cocao
742 1576 851 1631 rericus,
874 1559 959 1615 etioru
982 1560 1079 1633 queunt
1101 1578 1192 1616 eurnu

125 1639 285 1695 essentiam.

546 1789 776 1828 Duuousrnfflo.

171 1928 242 1988 (lum
273 1928 345 1987 nihil
376 1928 561 2006 perfectionis
590 1930 621 1988 in
648 1931 710 1989 Deo
731 1929 902 2005 reperiatur,
924 1928 999 2005 quod
1020 1949 1038 1988 a
1059 1929 1122 1988 Deo
1144 1948 1192 1988 nor

127 2008 166 2067 sit
195 2010 262 2085 (per
284 2011 402 2085 Propoa
426 2009 499 2085 10.);
530 2010 636 2068 nullam
666 2030 712 2068 res
741 2030 778 2068 ex
805 2029 836 2068 so
865 2011 1014 2068 habebunt
1035 2009 1189 2068 essentiam

128 2109 194 2165 quae
228 2089 321 2165 possit
341 2109 404 2147 esse
425 2109 512 2148 causa
534 2089 707 2164 cognitionis
727 2089 789 2148 Dei.
825 2089 881 2148 Sed
902 2095 1013 2159 contra,
1036 2109 1102 2148 cum
1123 2090 1192 2147 Deus

127 2169 223 2228 omnia
245 2189 304 2228 non
325 2189 362 2227 cx
383 2168 440 2228 alio
462 2169 618 2244 generarit,
640 2170 689 2228 sed
711 2189 831 2246 prorsus
848 2170 954 2228 crearit
967 2171 1033 2245 (per
1046 2171 1136 2245 Prop.
1154 2169 1189 2227 12

126 2269 190 2308 rum
226 2251 313 2324 Coa),
346 2255 376 2308 et
407 2249 482 2308 actio
514 2250 630 2308 creandi
662 2251 771 2308 nullam
792 2254 934 2324 agnoscat
954 2269 1073 2308 causam
1093 2253 1193 2326 praeter

125 2329 297 2389 efficientem
319 2331 371 2404 (aio
392 2332 467 2388 enim
480 2332 653 2389 creationem
667 2331 792 2403 definio),
809 2350 873 2405 quae
888 2331 968 2388 Deus
982 2334 1043 2400 est3
1059 2329 1189 2406 sequitur

125 2428 172 2468 res
202 2415 272 2468 ante
304 2409 478 2469 creationem
510 2429 629 2485 prorsus
659 2410 731 2468 nihil
763 2409 867 2480 fuisse3
900 2429 936 2468 ac
966 2408 1090 2485 proinde
1111 2409 1192 2468 etiam

125 2491 217 2548 Deum
239 2509 355 2548 oausam
375 2491 464 2549 fuisse
485 2508 584 2549 earum
605 2489 738 2549 essentiae
759 2493 791 2563 Q.
814 2492 848 2549 Ε.
871 2491 908 2549 D.

164 2569 339 2642 Notandum,
373 2570 428 2628 hoc
459 2569 647 2629 corollarium
669 2590 706 2628 ex
728 2589 761 2628 eo
783 2569 870 2628 etiam
892 2574 1002 2645 patere,
1025 2569 1101 2645 quod
1122 2570 1192 2628 Deus

125 2648 164 2706 sit
184 2649 311 2707 omnium
331 2669 428 2708 rerum
450 2669 537 2709 causa
558 2650 620 2708 sive
642 2655 756 2708 creator
777 2650 845 2725 (per
870 2650 973 2708 Coroll.
998 2651 1047 2723 1.),
1071 2655 1102 2709 et
1125 2649 1192 2724 quod

125 2749 213 2787 causa
243 2748 342 2788 omnes
373 2731 492 2789 effectus
524 2730 716 2806 perfectiones
736 2730 767 2788 in
788 2750 819 2788 se
840 2729 990 2788 continere
1011 2731 1117 2788 debeat
1137 2730 1189 2807 (per

125 2808 243 2868 eluiem.
266 2810 314 2880 8.),
337 2811 576 2885 quemadmodum
597 2810 794 2886 unusquisque
814 2809 899 2868 facilc
920 2810 1021 2869 videre
1041 2814 1147 2886 potest.

479 2994 761 3055 COROLLARIUM
783 2995 838 3055 Ill.

165 3170 241 3228 Hinc
262 3170 338 3229 clare
359 3170 499 3246 sequitur,
521 3172 615 3229 Deum
636 3191 695 3229 non
706 3171 823 3243 sentire,
836 3191 890 3230 nec
900 3171 1017 3247 proprie
1029 3171 1175 3248 percipere

125 3271 191 3309 nam
222 3250 299 3309 illius
328 3250 492 3309 intellectus
523 3271 541 3309 a
572 3251 652 3309 nulla
682 3271 714 3310 ra
746 3257 831 3310 extra
852 3271 882 3310 se
905 3251 1124 3322 determinatur,
1144 3270 1192 3308 se·

124 3330 221 3389 omnia
242 3332 278 3388 ab
300 3350 332 3388 eo
354 3332 511 3406 profluunt.

482 3517 766 3577 GOROLLARIUM
786 3518 839 3576 IV.

166 3687 245 3744 Deus
276 3690 321 3743 est
352 3685 523 3744 causalitate
553 3685 633 3761 prior
663 3705 759 3744 rerum
780 3683 906 3742 essentia
927 3690 957 3743 et
978 3682 1138 3754 existentia,
1158 3696 1192 3733 Ι

127 3766 205 3824 clare
226 3785 263 3823 ex
286 3767 312 3824 1.
335 3785 371 3823 en
393 3766 419 3824 2.
443 3765 579 3825 Corollar.
602 3765 689 3842 hujus
709 3763 852 3841 Proposit.
874 3763 1015 3842 sequitur.
