2662 4290
134 320 197 377 140
380 337 529 376 Prrm'clpla
549 338 748 377 Plsstosorfflm
770 336 969 377 CARTESIANAE.

134 505 333 582 unusquisque
365 504 395 563 in
427 525 457 563 se
480 505 633 580 comperit;
656 506 733 563 clare
754 503 893 579 sequitur,
917 522 970 560 nos
992 522 1107 578 semper
1128 524 1175 579 pos

132 606 248 660 cavere,
272 606 308 644 ne
328 585 359 643 in
380 605 493 643 errores
514 585 682 655 incidamus
705 590 734 642 et
756 605 791 642 ne
813 603 941 660 unquam
962 583 1100 642 fallamur
1123 599 1174 659 (qu

135 667 210 725 idem
243 667 337 724 adhuc
366 665 472 724 clarius
503 685 540 723 ex
570 664 758 741 sequentibus
788 664 996 738 intelligetur);
1030 665 1115 721 modo
1137 684 1175 722 ser

132 748 213 822 apud
247 766 300 804 nos
331 745 549 815 constituamus,
582 745 652 803 nihil
685 746 839 814 affirmare,
872 743 947 819 quod
980 763 1039 801 non
1071 745 1150 802 clare

132 827 272 885 distincte
292 825 475 902 percipimus,
497 825 559 883 sive
581 826 656 902 quod
679 844 715 882 ex
736 845 788 900 per
809 845 839 882 se
861 823 947 882 claris
969 828 998 880 et
1020 825 1110 882 certis
1130 824 1175 900 pri

132 907 219 983 oipiis
239 926 297 964 non
320 906 473 964 deductum
495 910 548 964 est.

469 1065 793 1125 PROPOSITIO
816 1066 879 1124 ΧΥ.

175 1221 273 1278 Error
293 1239 350 1277 non
371 1227 410 1277 est
432 1221 503 1296 quid
518 1221 685 1294 positivum.

558 1370 787 1410 nruousrnarro.

176 1485 206 1543 si
228 1505 309 1544 error
330 1485 398 1561 quid
419 1484 573 1560 positivum
596 1489 681 1554 esset,
703 1485 796 1543 solum
808 1485 901 1542 Deum
913 1504 965 1560 pro
978 1486 1175 1544 causaheberr

131 1586 154 1623 a
175 1585 231 1641 quo
253 1565 389 1623 continuo
411 1566 529 1623 deberet
549 1564 695 1639 procreari
716 1564 786 1640 (per
806 1565 925 1640 Propos.
951 1565 1017 1638 ln).
1041 1565 1133 1640 Atqui
1154 1567 1173 1624 h

132 1650 180 1704 est
202 1647 357 1703 absurdum
379 1646 443 1721 (per
464 1647 583 1720 Propon.
608 1645 674 1722 la).
696 1646 774 1720 Ergo
796 1664 877 1703 error
897 1665 956 1703 non
977 1649 1022 1703 est
1043 1645 1113 1721 quid
1134 1665 1175 1720 po:

131 1725 237 1783 tivum.
263 1726 295 1797 Q.
319 1727 352 1785 Ε.
375 1727 415 1785 Ι).

566 1884 775 1945 scHoLIUM.

175 2018 246 2077 (lum
268 2037 349 2076 error
363 2037 421 2075 non
435 2016 474 2075 sit
489 2016 556 2093 quid
570 2016 726 2093 positivum
740 2017 770 2074 in
785 2017 908 2086 homine,
924 2017 995 2076 nihil
1007 2017 1086 2075 aliud
1098 2022 1175 2094 poter

129 2118 205 2167 esse,
228 2119 314 2174 quam
335 2097 461 2174 privatio
481 2097 555 2156 recti
574 2117 644 2156 usus
654 2097 797 2155 libertatis
809 2099 876 2173 (per
888 2099 980 2156 Sobel.
993 2098 1114 2173 Propos.
1129 2099 1173 2156 14.

128 2180 254 2255 ideoque
275 2198 333 2237 non
354 2177 409 2237 nisi
430 2197 463 2236 eo
484 2197 580 2246 sensu,
603 2198 660 2254 quo
681 2177 802 2236 dicimus
822 2177 983 2235 absentiam
997 2177 1072 2236 Solis
1086 2197 1172 2236 causa

129 2279 197 2318 esse
217 2260 412 2328 tenebrarum,
435 2259 481 2316 vel
494 2278 550 2333 quo
565 2258 653 2328 Deus,
665 2262 819 2334 propterea
830 2258 906 2333 quod
917 2257 1069 2329 infantem,
1082 2276 1175 2334 excepi

130 2339 207 2406 visu,
241 2339 304 2398 aliis
334 2338 456 2397 similem
487 2337 564 2405 fecit,
596 2358 684 2396 causa
712 2337 855 2396 coecitatis
883 2336 997 2408 dicitur,
1019 2338 1099 2396 Deus
1120 2358 1175 2396 cau

128 2419 240 2478 erroris
261 2419 410 2478 dicendus:
433 2437 535 2494 nempe
556 2417 624 2493 quia
645 2417 727 2476 nobis
742 2418 920 2477 intellectum
935 2418 970 2475 ad
986 2437 1081 2493 pauca
1092 2423 1175 2476 tantu

129 2519 165 2558 se
186 2499 391 2557 extendentem
412 2497 499 2556 dedit.
523 2498 604 2568 Quod
626 2504 659 2557 ut
673 2499 750 2556 clare
765 2498 954 2572 intelligatur,
971 2503 1001 2556 et
1012 2497 1097 2556 simul
1109 2498 1175 2557 etiar

128 2579 274 2655 quomodo
306 2598 387 2636 error
417 2597 435 2636 a
467 2579 527 2636 solo
559 2579 651 2637 abusu
682 2583 790 2637 nostroe
822 2577 982 2637 voluntatis
1013 2579 1175 2654 pendeat:

128 2658 264 2733 deniqne,
301 2659 442 2735 quomodo
474 2661 511 2716 ab
543 2678 641 2717 errore
671 2678 775 2717 cavere
807 2657 965 2734 possimus;
998 2658 1100 2717 modos
1131 2678 1175 2734 qu«

127 2738 279 2814 cogitandi
301 2740 448 2809 habemus
463 2737 494 2796 in
507 2738 674 2797 memoriam
688 2758 864 2810 revocemus,
877 2758 981 2814 nempe
992 2758 1094 2797 omnes
1103 2739 1175 2797 mod<

127 2818 309 2896 percipiendi
330 2820 375 2893 (ut
395 2818 511 2889 sentire,
532 2818 694 2893 imaginari,
716 2823 746 2877 et
767 2839 838 2894 pure
859 2818 1033 2893 intelligere)
1047 2824 1077 2877 et
1089 2819 1173 2877 volen

134 2905 178 2963 lut
199 2919 313 2976 cupere,
335 2898 473 2968 aversari,
496 2898 648 2970 affirmare,
671 2918 788 2973 negare,
804 2903 833 2957 et
848 2898 992 2972 dubitare)
1003 2923 1010 2970 ;
1022 2918 1091 2957 nam
1104 2919 1175 2958 omn

127 2981 168 3039 rad
189 2981 243 3039 hos
264 2981 335 3039 duos
357 2979 458 3038 referri
480 2983 609 3054 possunt.

171 3060 255 3119 Circa
283 3080 332 3119 eos
360 3064 458 3118 autem
482 3059 564 3117 venit·
581 3060 748 3129 notandum,
772 3057 824 3128 1⁰.
847 3059 923 3134 quod
944 3078 1034 3132 mena,
1058 3063 1175 3135 quatem

129 3160 178 3199 res
199 3141 275 3199 clare
297 3145 327 3198 et
348 3140 483 3198 distincte
503 3138 648 3214 intelligit,
670 3139 762 3215 iisque
776 3138 943 3204 assentitur.
959 3159 1018 3198 non
1032 3145 1130 3215 potest
1141 3139 1175 3198 fal

128 3222 202 3296 <per
230 3222 348 3295 Propos.
377 3221 453 3292 14.):
476 3239 570 3295 neque
591 3219 677 3277 etiam
699 3224 842 3294 quatenus
862 3239 909 3277 res
930 3223 1045 3278 tantum
1070 3219 1176 3295 percipi

127 3319 224 3375 neque
244 3299 280 3358 iis
301 3299 467 3358 assentitur.
489 3299 572 3370 Nam,
585 3299 717 3376 quamvis
725 3300 784 3372 jam
797 3298 953 3375 percipiam
965 3319 1071 3375 equum
1083 3300 1175 3358 alatur

126 3384 241 3440 certum
263 3385 315 3451 est,
338 3380 413 3438 hene
433 3380 646 3455 perceptionem
660 3379 732 3438 nihil
746 3379 882 3437 falsitatis
895 3379 1052 3449 continere,
1065 3379 1175 3455 quamdi

131 3481 190 3519 non
220 3459 370 3530 ementior,
402 3479 503 3518 verum
534 3479 606 3530 esse,
638 3459 702 3518 dari
733 3479 836 3534 equum
858 3460 976 3534 alatum,
998 3480 1093 3535 neque
1114 3459 1175 3517 etia]

126 3540 268 3618 quamdiu
292 3539 401 3610 dubito,
423 3560 461 3598 an
482 3541 567 3599 detur
588 3560 678 3615 equus
699 3541 803 3598 alatus.
825 3540 949 3598 Etcum
971 3539 1105 3598 assentiri
1128 3539 1175 3598 nih

126 3622 207 3680 aliud
229 3621 275 3692 sit,
298 3640 385 3696 quam
406 3620 585 3679 voluntatem
601 3620 801 3691 determinare,
817 3620 957 3696 sequitur,
970 3639 1098 3679 errorem
1109 3639 1128 3678 a
1138 3619 1175 3678 sol

126 3722 184 3760 usu
206 3700 365 3760 voluntatis
385 3701 519 3776 pendere.

171 3782 253 3851 Quod
282 3785 315 3839 ut
342 3781 436 3839 adhuc
457 3780 562 3839 clarius
583 3785 691 3857 pateat,
713 3780 872 3839 notandum
894 3778 948 3852 2⁰„
970 3781 1046 3856 quod
1068 3799 1120 3839 nos
1140 3797 1175 3837 no
