2662 4290
423 1004 823 1087 PRINOHuA

141 1264 1077 1366 PHILOSOPHIAE

257 1535 455 1618 moun
504 1536 986 1621 uuouururoo

339 1793 907 1877 Dumousuulun

544 2045 642 2104 PARS
663 2046 703 2104 II.

441 2383 806 2443 POSTULATUM.

131 2520 231 2579 etitur
252 2518 300 2576 hio
320 2523 443 2589 tantum,
465 2522 498 2576 ut
519 2517 714 2592 unusquisque
735 2517 771 2575 ad
782 2536 850 2575 suas
861 2517 1065 2592 perceptiones
1077 2538 1162 2592 quam

75 2527 130 2673 P
154 2598 377 2738 futceuratissime
401 2598 544 2670 attendat,
567 2618 623 2674 quo
644 2598 752 2656 clarum
775 2599 811 2655 ab
833 2599 956 2655 obscuro
982 2597 1162 2672 distinguere

75 2701 163 2757 possi
181 2725 188 2738 .

473 2808 867 2869 DEFINITIONES.

122 2974 149 3031 Ι.
196 2973 334 3031 Eaetensio
365 2970 471 3043 estid,
494 2972 569 3046 quod
589 2973 682 3029 tribus
701 2970 927 3029 dimensionibus
948 2975 1079 3041 constut3
1102 2991 1159 3028 non

78 3059 186 3113 autem
208 3071 262 3126 per
278 3050 476 3110 extensionem
487 3050 675 3125 intelligimus
685 3055 781 3108 actum
792 3050 976 3121 extendendi,
989 3056 1041 3109 aut
1052 3051 1159 3126 aliquid

79 3155 99 3193 a
122 3130 293 3208 quantitate
313 3131 490 3189 distinctum.

124 3214 168 3271 II.
212 3212 270 3270 Per
292 3213 488 3270 Substantiam
508 3209 695 3285 intelligimus
715 3210 753 3276 id.
769 3211 845 3287 quod
857 3211 893 3268 ad
906 3211 1088 3269 existendum
1100 3211 1160 3269 solo

79 3293 139 3353 Dei
163 3311 307 3350 concursu
327 3291 447 3366 indiget.

125 3371 186 3431 ΙΙΙ.
209 3376 333 3430 Atomue
353 3377 488 3447 estpars
507 3371 635 3429 materiae
656 3378 709 3428 sud
730 3375 835 3429 natura
857 3370 1049 3429 indivisibilis.

125 3453 183 3511 IV.
227 3453 412 3526 Indefinitum
433 3457 479 3510 est
497 3451 536 3523 id,
558 3452 640 3527 eujus
659 3452 733 3508 fines
747 3451 782 3517 (si
793 3471 865 3526 quos
876 3452 976 3525 habet)
989 3454 1025 3509 ab
1036 3452 1161 3509 humano

79 3532 241 3593 intellectu
260 3531 431 3607 investigari
452 3536 608 3606 nequeunt.

126 3614 165 3672 V.
216 3610 348 3670 Vacuum
369 3617 414 3671 est
434 3611 563 3670 extensio
584 3611 646 3669 sine
667 3611 830 3669 substantia
851 3630 998 3686 corporea.

126 3692 182 3751 VI.
227 3693 360 3767 Spatium
392 3694 429 3752 ab
457 3692 626 3750 extensione
648 3711 705 3749 non
726 3691 782 3748 nisi
804 3693 927 3749 Ratione
949 3689 1161 3763 distinguimus,

79 3775 161 3845 sive,
184 3772 218 3830 in
239 3790 271 3830 re
290 3792 348 3830 non
369 3772 473 3831 differt.
495 3773 574 3846 Lege
595 3773 659 3829 Art.
685 3773 730 3831 10.
754 3772 832 3830 Part.
856 3774 883 3828 2.
907 3770 1031 3845 Princip.
