2662 4290
423 896 426 901 *
543 961 881 1043 PRJNOHHA

213 1219 1218 1321 PHILOSOPHIAE

289 1541 293 1546 ·
383 1491 560 1573 Mean
612 1490 1045 1575 GEOMETRIOO

459 1749 967 1832 DEMONSTRATn

641 2082 786 2141 PARSI.

467 2234 966 2301 PROLEGOMENON.

238 2409 376 2480 ntequaai
407 2403 443 2460 ad
464 2401 545 2478 ipsas
566 2402 782 2479 Propositiones
802 2421 956 2478 earumque
977 2402 1257 2465 Demonstrationes

179 2411 438 2555 Aaccodanias,
467 2481 562 2540 visani
590 2483 646 2541 fuit
673 2482 702 2542 in
724 2487 905 2541 antecessum
926 2481 1071 2541 suooinote
1092 2486 1130 2542 ob
1154 2485 1258 2545 oeulos

179 2583 295 2640 ponere,
328 2583 379 2621 our
410 2562 557 2621 Gartesius
588 2563 624 2621 de
648 2562 780 2622 omnibus
801 2562 987 2635 dubitaverit,
1009 2570 1069 2639 qua
1090 2562 1138 2622 via
1160 2564 1256 2625 solida

180 2643 365 2701 scientiarum
396 2642 585 2701 fundamenta
617 2642 733 2713 eruerit,
765 2662 799 2701 ao
824 2644 950 2713 tandem,
972 2641 1076 2717 quibas
1096 2643 1201 2704 mediis
1221 2665 1256 2704 se

180 2725 217 2782 ab
248 2723 380 2781 oninibus
411 2721 505 2781 dubiis
524 2722 707 2793 liberaverit3
729 2743 795 2799 quie
817 2722 913 2781 omnia
933 2721 1048 2798 quidem
1068 2722 1099 2781 iu
1120 2724 1257 2785 ordinem

179 2802 418 2862 Matheinatioum
459 2802 678 2877 redegisseniuS‚
721 2802 778 2861 nisi
818 2801 1024 2878 prolixitatem,
1056 2822 1121 2879 quae
1154 2805 1193 2863 ad
1224 2805 1257 2865 id

180 2884 376 2961 praetundunt
406 2882 610 2958 requireretur,
642 2882 780 2960 impedire
806 2882 1055 2957 judicavissemns,
1077 2903 1135 2959 quo
1156 2884 1261 2946 minus

180 2965 242 3023 lare
263 2964 367 3031 iimina,
390 2984 454 3039 quae
476 2983 533 3021 uno
555 2966 666 3032 obtuta,
689 2969 829 3039 tanquam
849 2963 879 3021 in
893 2962 1015 3039 pictura,
1029 2962 1122 3022 videri
1134 2964 1257 3037 debent,

181 3044 276 3103 deluto
297 3043 538 3119 intelligerentur.

222 3124 369 3183 Cartesias
399 3124 506 3199 itaquo,
539 3128 572 3181 at
602 3142 688 3199 quain
719 3122 884 3182 cautissime
914 3122 1085 3198 proaederet
1103 3122 1133 3182 in
1156 3144 1257 3186 rerum

182 3203 415 3279 investigatione,
437 3208 560 3262 conat-as
580 3203 644 3271 fuit,

224 3286 263 3342 1⁰.
307 3283 411 3343 Ouinia
431 3283 598 3359 parjudicia
617 3283 769 3359 deponere.

223 3365 263 3422 ‘2
305 3365 506 3422 Fundamenta
526 3363 665 3433 inveniro,
681 3363 785 3439 quibua
798 3362 895 3422 omnia
905 3364 1134 3439 superstruendae
1144 3371 1257 3427 essent.

223 3445 263 3503 3⁰.
306 3444 428 3503 Causinn
449 3444 556 3502 erroris
576 3445 721 3518 detegere.

222 3527 263 3584 4⁰.
307 3523 410 3583 Ouinia
431 3524 508 3582 claro
529 3528 557 3581 ot
579 3523 715 3582 distincte
736 3522 888 3598 itelligere.

223 3605 264 3663 Ut·
305 3624 374 3663 vero
415 3603 548 3679 primum.
590 3604 756 3673 secundani,
788 3623 823 3661 ao
853 3602 970 3662 tert-ium
1004 3603 1121 3680 assequi
1144 3612 1257 3682 posset,

180 3685 277 3744 oinaia
298 3686 328 3743 ia
349 3684 466 3743 dubiam
488 3702 626 3743 revocare
646 3683 834 3759 aggreditur3
847 3703 905 3741 non
920 3682 1035 3760 quidem
1049 3683 1257 3762 utseepticus,

181 3764 231 3839 qui
260 3766 313 3824 sibi
346 3765 455 3824 nullum
487 3762 575 3821 aliani
606 3764 732 3839 praefigit
765 3765 854 3822 tinem
874 3783 962 3839 (luam
983 3763 1127 3835 dubitare,
1149 3767 1203 3826 sed
1224 3772 1257 3827 ut
