2662 4290
127 346 183 402 182
358 360 506 400 uu1uc1u1n
534 359 738 400 ruinosouuna
760 359 964 400 cnarnsunu.

169 533 200 588 Si
221 532 335 605 quituriu,
357 550 410 587 our
430 531 535 604 oquuli
556 530 583 584 ui
603 529 765 597 celeritatis,
786 549 843 587 ozon
866 548 930 586 uero
952 528 1078 587 obsolute
1095 534 1207 606 (equali

126 612 265 667 celeritate
286 611 366 679 dico;
386 611 443 684 leqe
466 609 608 666 &leodium
634 610 736 666 Coroll.
758 609 847 683 Prop.
870 610 917 667 27.
940 609 1036 685 hujus.
1056 611 1090 668 Si
1101 614 1206 669 deinde

127 693 241 766 quereris,
274 710 313 747 nn
344 709 456 755 prunus,
490 690 558 746 ctum
580 706 623 746 eo.
643 708 688 764 pr.
711 689 746 746 ab
768 691 796 746 A
817 708 915 747 uersus
938 690 964 746 B
984 698 1124 761 incudm,
1145 712 1205 750 nou

127 773 239 827 ›usidut
259 771 426 844 corporibus
446 771 541 827 rodem
562 777 688 843 [strepere
708 788 726 825 o
747 769 775 825 Β
788 789 885 827 versos
900 771 928 827 A
942 773 1050 846 (equali
1062 774 1092 828 oi
1103 775 1203 843 motis;

127 853 183 926 loqu
206 852 322 924 Propon.
346 851 392 907 33.
415 851 510 925 tuqus,
532 867 567 905 eu:
588 868 646 924 quo
666 850 811 926 inteliipes,
832 869 931 907 eorum
950 855 1009 908 vim
1020 856 1205 925 compensari

128 935 155 987 oi
176 950 327 1005 corporum
350 930 423 1000 (litor
444 932 519 986 enim
541 931 582 986 uis
598 948 655 1003 por
676 930 703 986 3.
721 937 802 1003 port.
818 931 906 1005 trojum
920 930 1009 1005 Prop.
1027 933 1207 1007 illioequulis

127 1014 187 1081 nst),
220 1030 283 1085 φατέ
309 1010 344 1066 ob
365 1012 393 1067 A
415 1028 512 1067 ceruus
532 1009 560 1065 B
580 1028 645 1067 cum
666 1028 756 1067 mono
777 1011 872 1068 eodem
893 1017 1020 1085 teoipore
1042 1021 1203 1071 mouentur.

414 1150 914 1229 PROPOS‘ITIOXXXVII.

171 1306 202 1361 Si
232 1322 335 1378 corpus
367 1305 493 1378 aliquod,
521 1310 597 1378 puto
628 1305 665 1371 A,
698 1323 717 1360 o
742 1322 918 1379 quocumque
934 1323 1035 1379 porco
1056 1308 1086 1362 oi
1108 1326 1208 1365 uersus

125 1404 323 1460 quamcumque
350 1392 465 1458 portem
497 1385 603 1440 moueri
629 1390 730 1457 potest,
761 1385 835 1442 iliud
855 1387 1015 1442 necessario
1034 1388 1165 1462 oinpitur
1187 1409 1206 1444 o

125 1464 299 1540 corporibus,
323 1483 386 1539 quor
406 1465 513 1538 (equali
533 1465 607 1521 iuter
627 1482 656 1521 se
676 1464 816 1522 celeritate
837 1472 994 1522 mouentur.

544 1641 775 1682 uuuousuuaum.

166 1756 276 1832 Corpus
297 1758 324 1814 Α
345 1756 537 1831 undequaque
559 1775 576 1812 a
597 1755 766 1831 corporibus
787 1756 864 1832 cingi
886 1757 973 1816 debet
994 1761 1067 1834 (per
1080 1762 1202 1836 Propos.

127 1839 156 1896 o.
189 1838 296 1911 tuqus),
330 1836 421 1911 iisque
453 1855 555 1893 versus
577 1855 775 1910 quamcunque
795 1843 908 1913 partem
930 1839 1087 1914 aequaliter
1108 1841 1202 1899 motis

127 1918 155 1975 si
178 1916 252 1975 enirn
276 1916 465 1995 quiescerent,
488 1935 545 1973 non
567 1935 585 1973 a
606 1935 777 1992 quacunque
792 1936 884 1992 parva
899 1917 927 1976 vi
938 1938 1045 1994 corpus
1059 1921 1088 1977 A
1101 1941 1205 1979 versus

127 2016 326 2074 ‹prnrncunque
357 2000 469 2072 purtem
503 2000 546 2065 (ut
577 1996 758 2072 supponitur)
794 1998 903 2056 moveri
937 2005 1047 2074 posset,
1080 2002 1131 2058 sed
1166 2003 1201 2059 ad

125 2078 272 2136 rnininnrm
294 2097 311 2134 n
332 2081 415 2135 tanta
437 2075 474 2146 vi,
491 2095 556 2151 quae
572 2095 701 2152 corpora,
714 2076 807 2152 ipsum
819 2077 1024 2137 Aimmediate
1036 2083 1201 2156 tangentia,

126 2178 221 2217 secum
251 2176 366 2216 movere
387 2160 484 2233 posset
505 2160 577 2231 (per
598 2158 655 2215 Ac.
679 2158 726 2215 20.
748 2159 855 2231 tuqus).
877 2158 997 2229 Deinde,
1021 2159 1046 2217 si
1068 2181 1201 2237 corpora,

126 2260 143 2296 n
165 2239 268 2314 quibus
291 2239 316 2295 A
338 2237 474 2312 cingitur,
497 2235 597 2310 majori
619 2237 648 2294 vi
662 2257 763 2295 versus
774 2257 861 2296 unam
876 2244 988 2313 partem
1000 2247 1201 2310 moverentur,

125 2339 210 2394 quom
244 2337 345 2377 versus
377 2316 472 2387 aliam,
493 2321 603 2393 putas
624 2318 649 2374 B
673 2337 774 2376 versus
795 2317 826 2388 0,
848 2337 934 2393 quam
956 2339 974 2377 a
995 2319 1017 2378 O
1041 2339 1146 2380 versus
1168 2324 1200 2392 B,

638 2417 701 2456 eum
744 2399 934 2474 undequaque
977 2419 994 2457 a
1030 2402 1203 2476 corporibus

230 2507 245 2549 ς
637 2478 722 2536 motis
753 2477 889 2554 cingetur
921 2486 964 2548 (ut
987 2482 1121 2554 jamjam
1153 2485 1200 2540 de-

167 2496 584 2618 (O———A
638 2561 889 2633 ruorrstrooicnus);
930 2561 1096 2619 necessario
1133 2565 1204 2638 (per

635 2640 674 2710 id,
711 2641 787 2715 quod
819 2641 908 2715 Prop.
941 2640 988 2698 33.
1021 2642 1204 2702 demonstro-

128 2720 229 2790 rimns)
261 2738 391 2794 corporo,
413 2739 431 2776 a
452 2720 476 2776 B
498 2738 600 2777 versus
620 2718 641 2778 0
663 2724 749 2789 mota,
772 2720 798 2777 A
820 2739 922 2778 versus
943 2720 1065 2778 eandem
1088 2728 1202 2797 partem

127 2819 222 2858 secum
255 2800 373 2857 ferrent.
396 2800 533 2873 Adeoque
554 2817 612 2867 non
634 2819 815 2875 quaecunque
836 2819 928 2876 parva
949 2800 994 2858 vis
1015 2801 1143 2861 sufficiet
1165 2804 1201 2862 ad

127 2882 152 2938 Α
175 2899 276 2938 versus
297 2880 321 2937 B
343 2880 524 2948 movendum,
547 2879 596 2937 sed
618 2879 738 2955 praecise
753 2883 846 2949 tanta,
862 2900 926 2955 quae
938 2900 1091 2940 excessum
1104 2888 1202 2942 motus

126 2980 277 3036 corporum
310 2980 328 3018 a
360 2961 383 3017 B
411 2979 513 3018 versus
534 2959 555 3018 Ο
578 2958 754 3017 venientium
776 2960 924 3036 suppleret
944 2967 1018 3036 (per
1038 2964 1098 3021 Au.
1123 2965 1202 3035 20.);

127 3060 215 3115 quere
238 3040 341 3115 {equali
364 3039 391 3097 vi
413 3060 516 3099 versus
537 3058 635 3097 omnes
656 3045 755 3114 partes
775 3040 884 3098 moveri
903 3041 1019 3101 debent.
1046 3044 1078 3116 Q.
1103 3045 1139 3103 Ε.
1161 3046 1200 3103 D.

557 3199 766 3259 SCHOLIUM.

168 3332 238 3391 Cinn
271 3334 331 3391 haec
365 3332 536 3407 contingant
568 3332 644 3390 circa
676 3353 807 3408 corporo,
833 3352 897 3408 quae
918 3332 1023 3392 Fluida
1044 3343 1201 3406 vocantur,

127 3413 266 3489 sequitur,
282 3432 403 3488 corpore
418 3413 505 3471 fluida
516 3412 566 3471 illu
577 3433 648 3479 esso,
661 3433 726 3488 quae
736 3414 766 3471 in
778 3414 884 3472 inultas
897 3413 1020 3488 exiguas
1031 3417 1202 3491 particulas

127 3500 156 3551 ct
178 3493 281 3568 aequali
303 3493 331 3551 vi
353 3513 454 3551 versus
476 3513 575 3551 ornnes
590 3498 687 3569 partes
698 3499 800 3562 motas,
813 3498 881 3552 sunt
892 3493 993 3554 divisa.
1006 3495 1054 3567 ut,
1067 3498 1203 3572 quamvis

127 3574 181 3633 ills
213 3573 363 3648 particulae
396 3594 413 3631 a
445 3574 523 3631 nullo
553 3574 597 3631 vel
619 3575 720 3648 lynceo
742 3574 824 3632 oculo
845 3575 973 3650 conspici
998 3577 1121 3651 possint,
1144 3598 1201 3636 non

127 3660 222 3712 tumen
257 3653 313 3712 erit
345 3655 510 3728 negandum
542 3654 579 3722 id,
613 3655 688 3730 quod
720 3655 803 3713 modo
828 3655 905 3713 clere
926 3655 1200 3717 demonstravimus

128 3734 204 3792 Satis
225 3734 300 3791 enim
323 3754 360 3792 ex
381 3734 535 3793 antedictis
557 3735 661 3809 Propp.
682 3737 726 3792 10.
742 3741 772 3793 et
785 3735 831 3794 11.
844 3735 987 3795 evincitur
998 3736 1068 3795 talis
1078 3738 1200 3797 Nuturae

127 3813 283 3891 subtilitas
307 3834 371 3890 quie
394 3818 438 3889 (ut
457 3815 516 3890 jum
538 3834 640 3873 sensus
660 3815 804 3889 omittam)
826 3816 906 3874 nulla
916 3816 1096 3892 cogitatione
1108 3820 1199 3878 deter-
