2662 4290
143 316 200 374 136
383 334 533 374 ΡΒΙΝΟΙΡΙΑ
554 331 757 374 PHILOSOPHLE
779 334 979 374 caurusmrffil.

139 507 207 561 sunt
228 501 398 561 substantiae
421 503 489 578 (per
508 504 574 579 Des.
597 505 625 572 5,
648 504 675 571 6,
699 503 748 574 7.),
771 522 836 578 quae
858 522 915 561 una
938 504 1047 579 absque
1070 504 1129 562 ulia
1152 526 1216 565 esse

140 587 262 658 possunt
295 585 339 657 (ut
369 602 436 641 mor
453 584 611 658 probatum
632 590 699 653 eun
721 601 791 657 ergo
816 602 898 643 mens
918 588 948 641 et
968 603 1074 658 eorpus
1096 586 1215 644 realiter

141 662 367 738 distinguuntur.

180 742 255 801 Vide
276 742 418 818 Proposit.
441 745 468 801 4.
491 741 613 802 Cartesii
633 742 664 801 in
684 743 741 800 fine
763 742 991 818 Responsionum
1014 743 1050 801 ad
1074 746 1102 803 2.
1127 744 1214 820 Obje-

136 822 260 893 ctiones;
284 828 314 881 et
325 843 390 899 quae
403 824 548 881 habentur
571 825 596 880 1.
609 823 696 883 Parte
709 821 918 897 Principiorum
930 825 966 882 ab
979 824 1043 882 Art.
1058 825 1108 883 22.
1121 845 1214 901 usque

134 903 170 961 ad
193 903 258 962 Art.
281 905 334 963 29.
357 903 430 961 Nam
452 923 486 961 ea
508 903 554 961 hic
575 903 737 961 describere
759 922 817 960 non
839 922 934 978 operae
957 903 1084 979 pretium
1104 905 1212 980 judico.

471 1035 793 1095 PROPOSITIO
826 1036 877 1095 IX.

176 1161 255 1218 Deua
277 1167 316 1219 eet
338 1180 447 1219 srunrue
471 1162 634 1236 iutellipene.

554 1312 783 1351 Dnnousrssnrlo.

175 1417 204 1475 Si
226 1437 330 1492 neges:
353 1437 423 1492 ergo
435 1418 513 1476 Deus
525 1422 575 1475 aut
586 1415 666 1489 nihil,
680 1422 731 1475 aut
743 1436 801 1476 non
812 1416 917 1487 omnia,
929 1436 979 1475 seu
992 1419 1130 1493 quaedam
1144 1425 1212 1478 tan·

134 1501 205 1567 tum,
227 1497 371 1572 intelligit.
395 1498 436 1555 At
450 1498 581 1572 quaedam
591 1501 705 1555 tantum
716 1496 886 1573 intelligere,
899 1502 928 1556 et
940 1503 1048 1556 caetere.
1061 1498 1215 1573 ignorare.

134 1577 287 1635 limitatum
310 1584 338 1635 et
359 1577 557 1652 imperfectum
575 1577 751 1635 intellectum
773 1577 917 1653 supponit,
931 1597 1015 1652 quem
1027 1579 1090 1636 Deo
1104 1581 1229 1639 adscri-

135 1659 202 1714 bere
212 1657 367 1715 absurdum
379 1662 424 1715 est
436 1659 506 1733 (per
518 1658 611 1732 Defiu.
624 1659 673 1728 8.).
686 1659 778 1716 Deum
789 1663 885 1716 autem
898 1656 969 1716 nihil
977 1656 1155 1733 intelligere,
1167 1662 1224 1719 vot

137 1735 246 1794 indicat
266 1735 296 1794 in
317 1737 379 1795 Deo
400 1737 559 1796 carentiam
580 1736 790 1806 intellectionis‚
803 1737 876 1796 utin
887 1737 1061 1809 hominibus
1076 1740 1126 1798 ubi
1140 1741 1258 1800 nihik.

132 1814 309 1891 intelligunt,
342 1836 376 1874 ao
406 1816 651 1893 imperfectionem
683 1817 815 1890 involvit,
848 1837 913 1892 quae
935 1818 965 1877 in
987 1818 1081 1876 Deum
1105 1822 1258 1879 caderes

132 1916 190 1954 non
221 1900 318 1970 potest
349 1898 418 1971 (per
451 1900 533 1956 eund.
567 1899 705 1971 Desinit),
727 1898 773 1955 vel
794 1897 911 1969 indicat,
934 1898 1011 1975 quod
1033 1901 1258 1974 perfectioni.

131 1975 185 2034 Dei
213 1981 364 2051 repugnet,
386 1976 480 2053 ipsum
501 1977 609 2054 aliquid
630 1976 801 2052 intelligere.
824 1979 874 2048 At,
896 1999 961 2037 cum
983 1978 1025 2037 sic
1045 1978 1258 2040 intellecti(-

131 2056 166 2114 de
196 2055 259 2131 ipso
291 2076 410 2132 prorsus
431 2062 563 2132 negetur,
586 2077 644 2115 non
665 2056 772 2134 poterit
794 2058 882 2117 ullum
903 2058 1083 2117 intellectum
1106 2079 1258 2119 creare

129 2138 140 2206 f
144 2156 198 2212 per
229 2139 344 2196 Axium.
377 2137 429 2210 8.).
463 2136 534 2197 Cum
565 2143 662 2196 autem
693 2137 857 2197 intellectus
879 2139 956 2197 clare
977 2143 1007 2196 et
1028 2139 1169 2199 distincte
1192 2159 1258 2198 r-

132 2215 215 2275 nobis
245 2216 430 2294 percipiatur,
462 2218 541 2276 Deus
571 2217 648 2276 illius
679 2238 766 2277 causa
795 2238 858 2276 esse
881 2218 986 2294 poterit
1007 2219 1075 2294 (per
1103 2221 1258 2280 Coreli...

130 2299 254 2370 Proper.
279 2299 326 2370 7.).
349 2298 427 2373 Ergo
448 2298 534 2372 longe
549 2299 640 2370 abest,
655 2303 688 2356 ut
698 2297 752 2356 Dei
764 2299 932 2374 perfectioni
944 2305 1098 2374 repugnet,
1110 2300 1258 2377 ipsun-

131 2377 240 2452 aliquid
261 2376 432 2453 intelligere.
456 2378 551 2448 Quare
573 2377 628 2436 erit
649 2398 758 2436 summe
779 2378 952 2454 intelligens.
975 2380 1006 2453 O.
1030 2381 1065 2438 Ε.
1088 2382 1131 2439 1).

563 2519 772 2580 SOHOLIUM.

170 2643 308 2714 Quamvis
329 2644 541 2704 concedendum
564 2645 610 2716 sit,
634 2646 724 2703 Deum
737 2665 799 2704 esse
809 2646 1020 2722 incorporeum,
1032 2652 1066 2705 ut
1078 2648 1241 2724 Propos‚

130 2726 176 2783 16.
199 2725 428 2794 demonstratum
452 2725 505 2783 hoc
527 2730 624 2784 temen
645 2745 703 2784 non
724 2724 766 2784 ita
787 2726 993 2802 accipiendum,
1016 2747 1051 2785 ac
1062 2727 1087 2785 si
1099 2747 1245 2787 omnes*

127 2803 314 2863 Extensionis
335 2805 526 2880 perfectiones
547 2808 583 2864 ab
605 2825 638 2863 eo
660 2807 840 2866 removendae
855 2806 922 2875 sint,
934 2807 1240 2866 sedtanrunmod-

130 2889 272 2961 quatenus
283 2885 462 2944 extensionis
470 2891 575 2944 natura
583 2890 613 2944 et
619 2885 812 2961 proprietates
820 2886 1065 2963 imperfectionem
1074 2888 1258 2964 aliquan-n

127 2965 288 3024 involvunt.
312 2964 394 3035 Quod
414 2965 490 3024 idem
512 2966 598 3025 etiam
621 2966 656 3024 de
677 2966 732 3025 Dei
752 2966 948 3025 intellectione
970 2966 1123 3026 dicendum
1148 2974 1191 3027 est
1215 3006 1257 3025 ο

128 3045 366 3121 quemadmodum
400 3066 507 3117 omnen,
541 3046 591 3122 qui
611 3047 688 3104 ultra
709 3047 815 3122 vulgus
835 3046 1076 3123 Philosophorum
1099 3062 1258 3123 saper&

128 3126 238 3196 volunt,
270 3127 409 3198 fatentur,
442 3131 474 3185 ut
503 3127 565 3185 fuse
585 3126 778 3203 explicabitur
798 3126 828 3185 in
849 3132 939 3186 nostr.
961 3127 1097 3203 Append.
1119 3128 1200 3187 Part
1219 3163 1255 3178 ο

129 3206 156 3264 2.
179 3224 241 3281 cap.
265 3207 310 3288 7..

463 3312 790 3372 PROPOSITIO
823 3314 858 3372 X.

170 3437 312 3513 Quicquid
328 3438 516 3514 perfectiouis
539 3441 571 3496 r‘u
594 3439 654 3497 Deo
673 3440 827 3514 reperitur,
852 3458 871 3496 o
892 3439 952 3497 Deo
974 3446 1023 3496 eat.

543 3590 773 3629 uurlousruarm.

167 3692 196 3751 Si
217 3712 322 3768 neges:
344 3699 470 3768 ponatur
490 3693 519 3752 in
542 3695 602 3752 Deo
623 3693 747 3770 aliquam
768 3694 974 3771 perfectionem
995 3715 1068 3765 esse,
1092 3717 1156 3772 quae
1177 3709 1232 3751 a

126 3774 187 3831 Deo
218 3793 277 3831 non
307 3778 361 3832 est.
385 3773 449 3832 Erit
468 3773 518 3833 illa
539 3774 569 3832 in
590 3776 660 3846 Deo,
682 3776 729 3833 vel
751 3795 768 3834 a
789 3795 828 3847 se,
850 3776 955 3834 veleb
977 3775 1073 3852 aliquo
1095 3797 1113 3835 a
1134 3778 1227 3835 Deo
