2662 4290
411 355 413 360 ’
514 380 589 419 rens
609 381 653 420 111.
1061 361 1120 419 187

98 565 133 602 ue
175 544 307 619 sequenti
343 545 451 604 ordine.
484 545 581 603 Primo
611 547 783 605 fluiditatem
814 546 957 605 (loelorum
989 565 1024 604 ex
1055 546 1121 620 ipsa

99 628 230 696 ,ucemus
252 630 290 693 et,
312 627 454 700 quomodo
475 645 510 684 ea
531 646 618 684 causa
632 627 670 685 sit
680 627 761 697 lucis,
774 626 991 702 explicabimus
1008 625 1118 683 Deinde

114 711 251 763 naturam
285 704 358 762 Solis
389 725 551 780 pergemus,
586 711 615 764 et
646 706 730 765 simul
761 708 796 765 ad
819 727 861 778 ea,
884 726 948 781 quae
970 705 1000 763 in
1022 705 1120 764 Stellis

99 805 113 843 s
145 787 348 844 observantur.
381 787 487 844 Postea
518 787 554 845 de
575 786 709 858 (lometis,
727 793 761 845 'et
782 789 899 845 tandem
920 786 956 844 de
978 785 1118 856 Plancus,

98 885 205 941 umque
227 866 429 924 Phaenomenis
450 865 584 925 dicemus.

382 1053 781 1112 DEFINITIONES.

101 1259 107 1271 .
152 1213 210 1270 Per
242 1213 411 1286 Ealvptioam
441 1211 629 1286 intelligimus
657 1213 734 1270 illam
755 1218 867 1288 partem
891 1213 1018 1283 vorticis,
1042 1233 1118 1288 quac.

99 1313 111 1350 n
137 1297 228 1368 gyrat
248 1292 325 1350 eirca
346 1311 439 1362 axem,
462 1292 618 1350 maximum
640 1293 776 1350 circulum
799 1293 942 1351 describit.

99 1427 125 1484 I.
170 1427 227 1483 Per
252 1427 335 1484 Polus
355 1425 543 1500 intelligimus
563 1430 662 1500 partes
683 1425 811 1495 vorticis,
834 1445 898 1500 quae
920 1427 956 1482 ab
977 1425 1120 1499 Ecliptiea

99 1512 113 1564 t
136 1505 346 1574 remotissimae,
369 1505 430 1563 sive
452 1525 516 1581 quae
537 1505 671 1563 minimos
692 1505 858 1563 describunt
879 1505 1008 1563 circulos.

99 1638 141 1696 [Ι.
185 1639 241 1695 Per
287 1637 427 1696 Coactum
471 1639 509 1694 od
544 1645 651 1694 moltam
681 1656 738 1694 non
772 1635 961 1711 intelligimus
992 1635 1118 1710 aliquam

99 1717 262 1788 itationem,
296 1717 345 1775 sed
377 1721 502 1786 tantum,
536 1718 612 1792 quod
644 1736 712 1792 pars
733 1716 862 1775 mate1iae
884 1716 926 1774 ita
947 1719 991 1773 est
1012 1715 1121 1773 sitast

112 1803 224 1856 motum
255 1796 385 1869 incitata,
416 1800 449 1854 ut
481 1816 584 1854 revera
615 1802 692 1855 esset
723 1797 819 1873 aliquo
844 1797 930 1867 itura,
956 1795 981 1853 si
1001 1815 1019 1853 a
1040 1796 1120 1854 nulla

99 1898 135 1936 sa
156 1877 353 1952 impediretur.

100 2012 137 2070 V.
182 2012 238 2068 Per
269 2012 416 2087 Arzpulum
449 2010 647 2085 intelligimus,
671 2009 808 2086 quicquid
829 2010 859 2067 in
881 2009 977 2085 aliquo
999 2029 1120 2085 corpore

99 2112 125 2150 ·a
146 2091 271 2166 figuram
293 2090 465 2166 sphaericam
485 2091 637 2166 prominet.

435 2277 727 2336 AXIOMATA.

102 2484 107 2496 .
153 2438 256 2574 Plpres
286 2437 395 2512 globuli
424 2437 508 2496 simul
527 2437 621 2513 juncti
642 2438 766 2512 spatium
788 2436 955 2495 continuum
976 2455 1119 2510 occupare

102 2537 205 2576 ueun.

101 2652 125 2710 I.
170 2650 302 2709 Materiae
323 2651 418 2726 portio
439 2651 469 2708 in
484 2656 582 2726 partes
593 2652 748 2726 angulosas
760 2651 871 2720 divisae,
883 2651 907 2708 si
919 2656 1016 2726 partes
1027 2650 1119 2725 ipsius

99 2752 124 2790 aa
155 2730 273 2806 propria
304 2751 357 2789 sua
388 2737 489 2789 centra
519 2737 699 2800 moveantur,
722 2732 815 2806 majus
836 2732 959 2806 spatium
985 2730 1117 2805 requirit,

99 2832 133 2869 ,m
155 2811 180 2868 si
201 2831 299 2869 omnes
320 2812 411 2887 ipsius
432 2816 531 2887 partes
552 2812 742 2888 quiescerent,
765 2811 1118 2869 etonmiaearumlatera

99 2891 224 2950 invicem
245 2891 409 2950 immediate
430 2897 594 2966 tangerent.

99 3024 258 3163 &figam
289 3024 419 3083 materiae
449 3043 505 3099 quo
537 3024 633 3082 minor
660 3030 712 3096 est,
746 3045 779 3082 eo
811 3024 925 3083 facilius
956 3025 992 3081 ab
1018 3024 1117 3081 eadem

117 3123 158 3162 rvr
179 3124 246 3162 rur.

102 3239 138 3295 V.
182 3239 285 3295 Partes
324 3238 461 3309 materiae,
495 3259 560 3314 quae
592 3244 660 3296 sunt
691 3239 721 3297 in
752 3243 831 3298 motu
862 3259 964 3296 versus
996 3237 1116 3296 eandem

99 3324 169 3384 tem,
199 3323 228 3375 et
249 3337 266 3375 a
287 3338 317 3375 se
338 3318 460 3376 invicem
482 3318 512 3376 in
534 3319 596 3394 ipso
618 3325 700 3377 motu
721 3340 778 3377 non
799 3320 947 3388 recedunt,
970 3338 1028 3376 non
1049 3322 1119 3375 sunt

99 3397 246 3457 ndivisae.

396 3585 715 3644 PROPOSITIO
751 3586 773 3644 I.

99 3745 189 3803 Partes
210 3749 346 3815 contenire,
368 3750 399 3804 in
421 3766 492 3822 potos
508 3749 608 3822 prono
628 3747 798 3820 fnitdieisa,
813 3766 869 3805 non
882 3747 1117 3815 erentrotnndoe,

116 3827 267 3901 anqulvuoe.
