2662 4290
129 303 187 358 aba
467 318 611 359 coorrara
632 321 851 360 urrarursrcx.

127 504 235 564 practer
268 487 395 546 diuinam
426 488 597 557 essentiam
623 496 711 564 atque
731 488 785 546 hoc
806 487 911 546 iterum
932 487 999 545 inde
1019 493 1116 547 ortum
1138 490 1207 559 fuit,

129 570 196 644 quia
217 569 324 626 assueti
341 588 440 626 sumus
454 582 573 642 propter
585 569 728 626 defectum
740 570 894 626 verborum
906 567 1102 626 aeternitatem
1113 569 1204 628 etiam

128 653 226 722 rebus,
248 668 369 723 quarum
383 649 509 706 essentia
520 649 711 722 distinguitur
722 651 759 706 ab
770 668 869 707 earum
880 648 1046 711 existentia.
1058 649 1204 720 tribuere;

129 742 161 787 ut
183 749 246 787 curn
268 729 396 799 dicimus,
419 749 476 785 non
497 728 635 803 implicat,
656 730 794 786 mundum
815 731 853 786 ab
874 729 1204 805 aeternofuisse3atque

127 810 214 868 etiarn
236 808 370 866 essentiis
391 829 496 875 rerum,
518 809 654 883 quamdiu
675 809 754 884 ipsas
765 828 823 867 non
834 808 994 866 existentes
1004 809 1202 884 concipimus,

128 910 178 948 eas
199 889 275 947 enim
296 894 356 947 turn
379 894 507 946 aeternas
527 909 673 948 vocamus.
695 889 734 946 Η.
757 889 826 964 quia
846 888 1029 946 durationem
1043 892 1131 948 rebus
1142 911 1202 949 non

128 970 305 1038 tribuebant,
327 969 381 1026 nisi
403 975 548 1044 quatenus
568 989 619 1026 eas
639 970 693 1026 sub
714 968 852 1027 continua
872 968 1036 1027 variatione
1050 989 1115 1028 esse
1123 971 1201 1045 judi·

128 1053 242 1121 cabant,
265 1066 334 1119 nou,
356 1049 397 1106 uti
418 1069 480 1115 nos,
502 1056 588 1124 prout
608 1069 706 1107 earum
728 1048 854 1107 essentia
875 1051 912 1106 ab
932 1068 1032 1106 earum
1043 1049 1202 1109 existentia

128 1129 326 1203 distinguitur.
365 1129 420 1186 Ill.
453 1129 576 1204 denique
608 1129 676 1204 quia
706 1129 759 1187 Dei
790 1128 956 1198 essentiam,
986 1129 1073 1186 sicuti
1105 1150 1201 1188 rerum

130 1216 303 1278 creatarum,
325 1210 362 1267 ab
382 1210 445 1284 ejus
465 1209 622 1267 existentia
643 1208 847 1268 distinxerunt.
870 1209 917 1278 Hi,
939 1209 1066 1285 inquam,
1089 1230 1203 1269 errores

129 1290 199 1365 ipsis
229 1310 328 1347 ansam
361 1289 477 1347 errandi
508 1291 705 1364 praebuerunt.
734 1289 807 1347 Nam
829 1289 939 1364 primus
958 1308 1041 1347 error
1059 1289 1092 1347 in
1113 1310 1202 1350 cansa

131 1371 195 1440 fuit,
218 1376 250 1428 ut
271 1390 329 1428 non
343 1369 547 1444 intelligerent,
560 1369 627 1444 quid
638 1374 714 1427 esset
727 1370 886 1440 aeternitas,
897 1369 948 1427 sed
958 1368 1050 1445 ipsam
1060 1375 1200 1445 tanquam

131 1451 256 1525 aliquam
288 1450 410 1525 speciem
443 1449 604 1507 durationis
635 1449 860 1508 considerarent.
892 1449 1050 1520 Secundus,
1084 1456 1118 1508 ut
1143 1471 1199 1509 non

129 1531 214 1588 facile
246 1535 366 1605 possent
397 1530 527 1588 invenire
559 1529 750 1587 differentiam
781 1529 859 1588 inter
889 1529 1072 1587 durationem
1103 1550 1198 1590 rerum

129 1618 292 1669 creatarum
324 1616 353 1667 et
374 1608 450 1668 iuter
471 1610 524 1667 Dei
545 1609 747 1668 aeternitatem.
769 1609 897 1668 Ultimus
917 1609 1049 1684 denique,
1071 1615 1115 1682 ut,
1136 1631 1199 1669 cum

131 1690 245 1748 duratio
268 1710 325 1748 nou
347 1690 384 1747 sit
405 1690 461 1748 nisi
481 1689 642 1748 existentiae
664 1689 787 1760 affectio,
807 1690 919 1765 ipsique
940 1689 995 1747 Dei
1015 1689 1199 1749 existentiam

132 1772 169 1828 ab
190 1771 253 1846 ejus
274 1770 399 1828 essentia
421 1770 615 1840 distinxerint,
637 1770 707 1841 Deo,
730 1775 762 1828 nt
780 1771 841 1846 jam
862 1769 995 1841 diximus,
1018 1770 1199 1830 durationem

128 1850 299 1908 tribuerent.

177 1949 242 2023 (grain
256 1950 296 2021 'rit
383 1947 448 2018 Sed,
480 1953 513 2006 ut
539 1947 641 2005 melius
662 1946 853 2022 intelligatur,
874 1948 943 2023 quid
964 1949 1003 2006 sit
1024 1950 1195 2018 AEternitua

159 2012 308 2056 ‘mmm
343 2034 371 2086 et
403 2028 544 2103 quomodo
574 2027 638 2103 ipsa
669 2028 731 2085 sinc
759 2027 886 2086 essentia
906 2028 1006 2086 divina
1027 2048 1086 2087 non
1107 2029 1197 2105 possit

128 2106 248 2183 concipi,
288 2108 526 2166 considerandum
558 2107 639 2166 venit
669 2108 709 2178 id,
741 2109 816 2183 quod
846 2109 905 2184 jam
938 2113 1026 2166 antea
1055 2109 1195 2179 diximus;

128 2208 231 2263 nempe
260 2208 307 2246 res
338 2194 459 2257 creatas,
488 2189 549 2248 sive
570 2187 666 2245 omnia
686 2194 792 2264 praeter
812 2189 914 2257 Deum,
936 2208 1051 2264 semper
1071 2189 1196 2249 existere

128 2269 189 2326 sola
216 2267 246 2325 vi
267 2268 328 2326 sive
349 2269 474 2327 essentia
495 2268 558 2339 Dei,
580 2288 639 2325 non
660 2288 730 2326 vero
751 2269 781 2326 vi
801 2268 934 2344 propria;
957 2270 1034 2327 unde
1055 2270 1196 2346 sequitur,

128 2353 301 2424 praesentem
333 2348 518 2407 existentiam
550 2368 647 2406 rerum
679 2368 737 2406 non
767 2368 831 2406 esso
861 2368 978 2407 causam
1006 2349 1126 2421 futurae,
1148 2351 1196 2409 sed

128 2433 242 2486 tanturn
264 2428 318 2486 Dei
338 2428 610 2498 immutabilitatem,
632 2433 752 2503 propter
772 2448 857 2503 qnam
878 2427 1009 2503 cogimur
1023 2428 1129 2502 dicere,
1141 2430 1197 2490 Ubi

128 2509 206 2566 Deus
236 2527 297 2565 rem
325 2510 416 2584 primo
439 2508 558 2577 creavit,
581 2528 645 2566 eam
666 2514 768 2583 postea
788 2507 981 2579 conservabit,
1002 2528 1055 2567 seu
1076 2511 1196 2569 eandem

126 2587 205 2645 illam
236 2589 352 2646 creandi
374 2588 514 2646 actionem
537 2588 726 2646 continuabit.
748 2589 794 2646 Ex
815 2589 918 2663 quibus
939 2589 1147 2658 concludimus,
1170 2591 1194 2649 1.

129 2668 210 2737 Quod
232 2687 278 2725 ros
299 2674 397 2726 creata
418 2673 514 2745 potest
535 2668 590 2727 dici
600 2669 657 2726 frui
669 2668 834 2739 existentia,
847 2669 980 2727 nimirum
992 2669 1061 2744 quia
1071 2670 1196 2730 existen·

127 2748 169 2806 tia
200 2768 257 2805 non
279 2753 323 2806 est
344 2750 379 2807 de
399 2748 489 2824 ipsius
510 2748 651 2818 essentia3
673 2750 753 2806 Deus
773 2769 844 2807 vero
865 2769 923 2807 non
943 2754 1042 2824 potest
1062 2750 1121 2809 dici
1140 2750 1196 2809 frui

128 2827 289 2898 existentia,
312 2849 378 2886 nam
399 2829 556 2887 existentia
577 2829 631 2886 Dei
653 2832 697 2886 est
717 2829 797 2887 Deus
817 2829 895 2905 ipso3
917 2828 992 2888 sicut
1006 2829 1096 2888 etiam
1107 2830 1196 2906 ipsius

127 2908 268 2980 essentia,
290 2910 366 2967 unde
387 2910 525 2984 sequitur,
548 2929 594 2966 res
615 2913 728 2966 creatas
743 2909 895 2968 duratione
908 2909 975 2979 frui,
990 2910 1084 2968 Deum
1100 2916 1195 2970 autem

127 2990 206 3046 nullo
237 2990 330 3047 modo.
353 2990 380 3047 2.
404 2990 511 3048 Omnes
532 3009 579 3047 res
600 2993 723 3060 creatas,
746 2989 813 3047 dnm
834 2989 971 3064 praesenti
992 2990 1147 3049 duratione
1168 2996 1196 3049 et

126 3068 281 3127 existentia
301 3070 446 3140 fruuntur,
469 3071 567 3128 futura
589 3069 703 3126 omnino
725 3089 833 3141 carere,
856 3089 958 3144 nempe
980 3069 1196 3145 quiacontinuo

125 3149 195 3223 ipsis
216 3148 302 3207 tribui
324 3150 425 3218 debet;
447 3155 478 3208 at
500 3151 535 3207 de
556 3170 654 3207 aarum
676 3149 803 3207 essentia
824 3149 894 3207 nihil
909 3150 1002 3208 simile
1017 3156 1116 3225 potest
1131 3151 1194 3210 dici.

126 3230 234 3286 Verum
265 3230 334 3300 Deo,
368 3230 434 3304 quia
465 3229 619 3302 existentia
649 3234 694 3287 est
726 3229 762 3287 do
793 3229 883 3304 ipsius
910 3229 1046 3300 essentia,
1068 3231 1196 3290 futuram

126 3308 309 3367 existentiam
341 3310 468 3368 tribuere
499 3330 557 3367 non
588 3329 755 3384 possumus;
788 3311 887 3368 eadem
919 3309 1005 3379 enirn,
1027 3330 1114 3386 quam
1136 3317 1195 3370 tum

126 3390 254 3458 haberet,
277 3389 433 3448 etiamnum
454 3390 509 3464 ipsi
531 3395 598 3447 actu
619 3390 773 3448 tribuenda
790 3395 850 3461 est3
862 3391 918 3462 vel,
930 3395 963 3448 ut
974 3390 1069 3466 magis
1079 3391 1196 3466 proprie

125 3469 235 3545 loquar,
268 3470 328 3527 Deo
360 3469 473 3527 infinita
501 3473 568 3528 actu
590 3469 746 3528 existentia
767 3470 904 3545 competit
925 3471 1024 3529 codem
1045 3472 1141 3537 modo,
1163 3491 1196 3530 ac

125 3549 178 3623 ipsi
212 3553 279 3607 actu
310 3550 447 3625 competit
479 3550 609 3607 infinitus
640 3549 812 3609 intellectus.
835 3552 933 3626 Atque
954 3551 1031 3608 hanc
1052 3551 1195 3610 infinitam

125 3629 308 3687 existentiam
340 3633 543 3688 AEternitatem
576 3650 655 3700 voco,
688 3650 752 3705 quae
786 3631 838 3688 soli
869 3632 930 3688 Deo
952 3631 1116 3699 tribuenda,
1139 3651 1196 3690 non

126 3730 194 3767 voro
226 3709 276 3767 ulli
307 3710 348 3768 roi
379 3716 500 3779 creatae3
533 3731 599 3779 nou,
631 3709 759 3785 inquam,
793 3711 924 3785 quamvis
955 3730 1054 3770 earum
1082 3711 1196 3770 duratio

126 3794 248 3864 utroquo
268 3796 367 3849 careat
388 3792 453 3848 fine.
476 3791 547 3848 Hanc
568 3791 603 3847 de
625 3790 806 3860 aeternitate3
829 3792 864 3849 do
876 3791 928 3849 Dei
939 3791 1114 3850 necessitate
1127 3792 1196 3849 nihil
