2662 4290
212 342 270 399 228
558 359 700 399 coelura
723 360 939 399 nerarnxsrcx.

226 530 336 603 Ardores
349 543 410 603 rese
467 528 526 588 Nos
546 547 615 586 vero
637 529 713 586 hanc
733 528 835 588 damus
855 527 1034 588 divisionem.
1056 529 1214 589 Attributa
1236 532 1289 590 Dei

229 606 292 650 W*
309 592 404 636 cavaeo.
427 608 483 667 alia
509 614 586 677 sunt,
609 628 673 683 ques
695 613 844 667 actuosam
866 608 928 685 ejus
949 608 1106 667 essentiam
1128 612 1288 687 explicant,

210 689 276 758 alia,
308 709 373 764 quse
405 689 518 763 quidem
549 688 620 747 nihil
651 688 782 759 actionis,
818 688 868 747 sed
900 688 962 764 ejus
992 689 1110 748 modum
1143 692 1290 751 existendi

211 773 366 845 exponant.
389 770 485 844 Hujus
506 768 620 844 generis
641 773 710 828 sunt
730 769 836 840 unitas,
860 768 1019 840 aeternitas,
1042 771 1214 844 nenessitas,
1234 778 1286 831 et.

213 849 295 908 Illius
316 869 385 908 vero
406 849 608 924 intelligentia,
631 850 775 924 voluntas,
798 849 868 923 vita,
891 848 1112 926 omnipotentia,
1134 856 1194 911 etc.
1217 853 1288 911 Haec

210 929 311 987 divisio
343 929 415 988 satis
447 931 526 988 clara
555 934 586 988 et
616 929 770 1006 perspicua
800 935 853 998 est,
885 934 916 988 et
944 929 1042 988 omnia
1065 931 1123 990 Dei
1145 933 1288 992 attributa

210 1009 420 1084 complectitur.

660 1169 745 1230 cAP.
767 1170 835 1230 XII.

579 1331 623 1388 De
643 1329 737 1388 Mente
760 1329 907 1388 Humana.

250 1492 469 1550 Transeundum
487 1491 548 1566 jam
569 1495 614 1549 est
635 1491 670 1548 ad
693 1488 886 1549 substantiam
906 1492 1044 1562 creatam,
1069 1510 1159 1567 quam
1182 1491 1213 1550 in
1236 1512 1284 1550 ex·

210 1579 321 1631 tensam
352 1576 383 1629 et
404 1570 580 1646 cogitantem
602 1569 760 1629 divisimus.
782 1571 840 1629 Per
860 1573 1021 1641 extensam,
1042 1571 1202 1631 materiam
1223 1572 1286 1631 sive

209 1652 400 1711 substantiam
433 1671 599 1727 corpoream
629 1650 871 1726 intelligebamus.
902 1649 960 1708 Per
989 1649 1172 1726 cogitantem
1207 1673 1284 1723 vero,

208 1736 320 1791 mentes
341 1733 484 1790 humanas
505 1736 627 1790 tantum.

231 1839 337 1896 mperes
354 1852 403 1883 που
464 1838 510 1907 Et,
533 1838 665 1914 quamvis
686 1837 793 1912 Angeli
811 1836 898 1896 etiam
912 1835 1003 1895 creati
1017 1836 1087 1910 sint,
1103 1838 1174 1915 qnia
1188 1845 1284 1899 tamen

244 1902 402 2008 placuero-d
424 1918 545 1976 Lumine
576 1917 708 1977 Naturali
737 1937 796 1976 non
823 1920 1047 1993 cognoscuntur,
1071 1919 1108 1977 ad
1130 1920 1284 1996 Metaphy·

223 1976 390 2082 Ἧὶΐιῖᾗῑέᾗ
422 1998 510 2056 sicam
542 2018 599 2057 non
621 2002 763 2074 spectant.
796 1998 903 2056 Eorum
924 1997 1000 2056 enim
1021 1999 1152 2058 essentia
1173 2005 1204 2059 et
1224 2001 1285 2059 exi·

245 2089 384 2135 considera
423 2078 530 2137 stantia
541 2098 599 2137 non
613 2078 668 2136 nisi
679 2098 730 2154 per
741 2078 958 2137 Revelationem
970 2082 1049 2137 notae
1062 2083 1142 2151 sunt,
1155 2081 1286 2158 adeoque

272 2152 353 2196 ‘'⁴⁰72st-
422 2160 458 2218 ad
480 2160 570 2216 solam
592 2159 779 2234 Theologiam
800 2158 965 2234 pertinent3
980 2158 1064 2234 cujus
1079 2161 1210 2235 cognitio
1221 2181 1283 2220 cum

207 2241 245 2299 sit
266 2260 385 2315 prorsus
407 2240 471 2310 alia,
494 2239 555 2297 sive
576 2244 638 2298 toto
660 2258 767 2314 genere
788 2238 905 2297 diversa
925 2258 943 2297 a
963 2238 1133 2314 cognitione
1148 2241 1283 2311 naturali,

207 2321 285 2379 nullo
306 2321 390 2378 modo
412 2340 476 2379 cum
498 2319 547 2378 illa
568 2319 715 2378 miscenda
735 2324 788 2378 est.
811 2319 915 2378 Nullus
935 2317 1027 2394 igitur
1047 2325 1212 2396 exspectet,
1233 2341 1286 2380 nos

207 2402 241 2459 de
263 2400 374 2476 angelis
395 2400 504 2475 aliquid
525 2399 661 2458 dicturos.

229 2509 332 2552 arentem
348 2509 392 2552 au·
460 2508 622 2564 Redeamus
654 2526 724 2581 ergo
754 2506 790 2564 ad
812 2510 924 2564 mentes
944 2506 1098 2579 humanas,
1120 2508 1158 2566 de
1180 2508 1284 2585 quibus

228 2584 327 2676 '2222‘ssss
341 2582 392 2676 εἴ
415 2587 476 2662 jam
497 2606 590 2662 pauca
610 2591 724 2644 restant
745 2586 882 2658 dicenda;
898 2585 948 2644 sed
963 2590 1078 2645 tantum
1093 2590 1280 2659 monendum,

230 2663 295 2750 ,Q
315 2664 357 2737 „d
376 2707 392 2738 a
418 2687 471 2724 nos
503 2668 537 2724 de
569 2672 697 2742 tempore
729 2666 884 2725 creationis
915 2665 1020 2725 mentis
1049 2667 1189 2728 humanae
1210 2669 1280 2728 nihil

234 2756 396 2812 1)eocreo›·t;
423 2747 539 2816 dixisse,
565 2747 632 2822 quia
653 2767 711 2805 non
733 2747 804 2805 satis
825 2750 948 2818 constat,
971 2765 1028 2823 qno
1049 2751 1183 2824 tempore
1203 2750 1282 2808 Deus

240 2824 272 2873 at,
290 2819 387 2877 quando
416 2827 508 2902 ipsam
530 2832 619 2897 creat,
641 2847 705 2885 cum
727 2827 790 2886 eine
811 2846 930 2902 corpore
951 2827 1044 2902 possit
1057 2827 1196 2888 existere.
1220 2830 1281 2888 Hoc

229 2887 388 2989 crepcaeppkae-
417 2908 489 2966 satis
520 2913 644 2979 constat,
673 2907 750 2965 illam
779 2927 837 2966 non
858 2926 921 2966 esse
943 2926 980 2965 ex
1000 2908 1141 2980 traduce;
1164 2929 1232 2968 nam
1252 2910 1280 2968 id

416 2992 530 3047 tantum
562 2988 654 3046 locum
687 2989 776 3045 habet
807 2987 838 3046 in
868 2989 963 3057 rebus,
997 3007 1062 3063 quae
1082 2996 1279 3063 generantur,

203 3087 306 3143 nempe
336 3068 366 3126 in
397 3068 489 3126 modis
519 3067 641 3143 alicujus
672 3068 862 3136 snbstantiae3
895 3067 1059 3125 substantia
1090 3073 1190 3129 autem
1218 3069 1280 3146 ipsa

204 3148 337 3223 generari
359 3168 416 3206 non
437 3152 542 3224 potest,
565 3149 614 3206 sed
637 3153 751 3206 tantum
773 3169 791 3207 a
812 3149 872 3207 solo
895 3147 1103 3223 Omnipotente
1124 3150 1230 3221 creari,
1249 3156 1282 3208 ut

203 3228 275 3285 satis
296 3228 325 3284 in
347 3227 576 3302 praecedentibus
597 3228 870 3287 demonstravimus.

242 3336 293 3407 015⁰
306 3347 379 3378 anso
456 3335 499 3391 De
530 3335 592 3409 ejus
624 3355 692 3393 vero
720 3334 938 3393 immortalitate
965 3339 998 3392 ut
1019 3334 1128 3410 aliquid
1151 3337 1278 3395 addam:

233 3410 323 3503 “xlm
335 3396 383 3503 3³¹5*
416 3414 488 3472 satis
513 3419 635 3486 constat,
658 3435 711 3473 nos
733 3416 768 3473 de
789 3415 869 3473 nulla
889 3434 921 3473 re
942 3419 1041 3473 creata
1061 3435 1149 3491 posse
1171 3417 1278 3479 dicere.

246 3522 367 3567 mortale.
415 3495 491 3571 quod
530 3495 592 3569 ojus
629 3501 735 3553 natura
775 3495 911 3571 implicet,
948 3499 981 3553 ut
1012 3514 1030 3553 a
1060 3497 1196 3572 potentia
1227 3497 1279 3556 Dei

416 3576 590 3632 destruatur.
612 3576 686 3633 Nam
709 3575 757 3650 qui
770 3580 945 3651 potestatem
955 3575 1059 3633 habuit
1072 3596 1135 3634 rem
1151 3577 1276 3647 creandi,

200 3655 286 3713 etiam
309 3659 483 3730 potestatem
505 3655 593 3712 habet
613 3655 705 3730 ipsam
728 3655 904 3714 destruendi.
925 3655 1019 3726 Adde,
1039 3657 1117 3731 quod
1129 3657 1192 3732 jam
1207 3657 1278 3717 satis

200 3735 469 3804 demonstravimus
502 3735 609 3792 nullam
638 3756 698 3794 rem
721 3741 848 3795 creatam
870 3756 923 3795 sua
943 3741 1049 3794 natura
1069 3756 1109 3795 ne
1129 3744 1276 3796 momento

199 3815 312 3890 quidem
333 3835 418 3890 posse
439 3814 572 3883 existere,
595 3817 643 3873 sed
667 3816 804 3875 continuo
826 3837 844 3874 a
865 3817 926 3876 Deo
947 3817 1105 3892 procreari.
