2662 4290
130 317 187 376 152
371 337 521 377 PRINCIPIA
543 338 744 378 effluosoemn
765 338 964 378 oasnusrnun.

132 503 264 564 omnibus
285 505 461 580 corporibus,
483 505 615 581 quamvis
635 525 733 564 eorum
747 506 902 565 intervalla
916 507 1076 565 humanum
1087 527 1192 567 sensur

132 585 217 660 plane
248 585 397 660 effugiant.
421 586 526 656 Quare
547 585 712 645 Rarefaotio
733 590 763 644 et
783 586 975 645 Oondeusatio
997 587 1076 646 olere
1098 593 1129 646 et
1152 589 1192 647 dis

133 665 224 724 tinote
246 685 264 723 a
286 665 369 724 nobis
389 666 598 742 concipiuntur,
620 671 674 725 eto.
697 669 729 740 Q.
752 668 786 726 Ε.
807 668 845 725 D.

178 746 277 804 Visum
297 747 347 820 fui
351 753 361 803 t
380 748 439 804 lroee
454 750 639 822 qneemittere,
651 754 683 805 ut
695 748 849 806 intellectus
854 749 1033 823 praejudicio
1046 751 1081 806 de
1092 750 1192 824 Spatic

133 826 342 899 Rarosoctione,
374 833 422 885 ete.
456 834 577 897 exueret,
610 835 635 885 et
655 835 740 903 optus
761 829 930 886 redderetur
951 829 990 886 od
1011 848 1054 901 eo,
1077 849 1145 905 quae
1164 851 1192 890 se

132 913 265 982 queretur,
287 908 477 982 intelligendo.

478 1039 805 1099 PROPOSITIO
833 1039 857 1098 I.

173 1172 311 1243 Qreoenois
341 1172 470 1243 durities
498 1173 625 1247 pondus,
657 1180 682 1230 et
712 1173 831 1249 relique
860 1174 973 1232 sensiles
1004 1175 1160 1249 qualitates

131 1270 250 1326 οονρονο
271 1253 367 1328 aliquo
389 1260 569 1328 soporentur,
591 1255 703 1329 integra
723 1254 879 1311 remanebit
892 1254 1081 1312 nihilominus
1094 1262 1192 1314 natur

131 1349 269 1407 corpores.

551 1484 782 1525 nsuousrmw.

171 1597 207 1656 ln
228 1597 342 1668 duritie,
364 1603 435 1674 puta
456 1597 542 1673 hujus
562 1597 675 1674 lapidis,
696 1597 768 1656 nihil
782 1597 860 1656 aliud
874 1598 1192 1659 sensusnobisindioa

129 1696 184 1735 neo
215 1677 292 1736 aliud
325 1679 360 1735 de
391 1677 454 1754 ipsa
485 1678 562 1736 claro
594 1683 623 1736 et
644 1677 779 1736 distincte
799 1677 995 1753 intelligimus,
1017 1698 1105 1754 quam
1129 1700 1192 1756 quo

129 1761 229 1832 partes
261 1758 396 1816 durorum
428 1778 581 1834 corporum
609 1757 698 1816 motui
718 1778 854 1817 manuum
875 1764 1042 1817 nostrarum
1064 1760 1192 1820 resistat

131 1842 200 1912 (ρον
231 1840 289 1895 Ae.
312 1839 362 1912 3.).
385 1838 481 1908 Quare
503 1839 573 1914 (ρον
594 1840 712 1914 Ρνοροο.
737 1840 783 1897 14.
800 1845 882 1915 port.
907 1840 946 1913 1.)
968 1838 1091 1898 durities
1116 1841 1192 1900 etia!

129 1916 201 1975 nihil
222 1917 300 1976 aliud
321 1917 385 1976 erit.
408 1918 438 1977 Si
458 1938 528 1977 vero
548 1918 626 1978 istud
648 1938 754 1994 corpus
773 1917 804 1976 in
824 1918 1100 1995 pulvisculosquam
1112 1921 1192 1980 minu

127 1996 253 2056 tissimus
284 1997 442 2073 redigatur,
474 1999 536 2074 ejus
567 2003 665 2075 partes
696 1998 781 2057 facile
801 2000 938 2058 recedent
958 2001 1028 2076 (per
1049 2001 1109 2060 Ax.
1136 2003 1192 2061 12.

127 2097 180 2136 nec
211 2082 309 2136 tamen
340 2079 468 2155 corporis
495 2083 631 2138 naturam
652 2078 787 2137 amittent
808 2077 872 2156 (per
893 2082 949 2139 Aee.
972 2081 1021 2156 5.).
1049 2081 1081 2152 Q.
1105 2083 1141 2140 Ε.
1164 2082 1192 2142 L

166 2158 202 2215 In
233 2159 368 2235 pondere,
400 2158 570 2234 eaeterisque
598 2158 751 2218 sensilibus
772 2159 970 2235 qualitatibus,
992 2160 1093 2219 eodem
1117 2160 1192 2221 morl

126 2239 256 2314 procedit
277 2239 491 2299 demonstratio.

466 2371 792 2431 PROPOSITIO
821 2372 860 2432 II.

69 2555 79 2571 ,
169 2505 306 2579 Corporis
325 2507 382 2563 aive
404 2505 535 2564 Moterioe
555 2513 666 2564 notrera
688 2507 801 2564 insola
823 2509 980 2565 eeteesione
1000 2510 1140 2568 consistit.

545 2657 775 2697 nnuousrss‘uo.

168 2769 280 2828 Natura
303 2770 433 2846 corporis
453 2790 511 2829 non
533 2771 644 2830 tollitur
665 2791 703 2830 ex
723 2771 886 2830 sublatione
906 2771 1055 2831 sensilium
1077 2776 1192 2850 qualite

127 2854 188 2908 turn
221 2850 292 2926 (ρον
325 2850 444 2927 ltopos.
477 2853 504 2910 1.
535 2852 651 2928 liujus);
683 2870 753 2927 ergo
783 2871 876 2927 neque
904 2852 1089 2913 eonstituunt
1109 2855 1192 2932 ipsiu

126 2929 282 2989 essentiam
303 2931 375 3007 (ρον
395 2934 453 2990 As.
476 2933 526 3005 a).
548 2931 626 2991 Nihil
646 2951 717 3007 ergo
737 2937 869 2992 remanet
877 2937 986 3009 praeter
997 2935 1192 2997 extensionen

126 3015 156 3068 et
186 3011 249 3086 ejus
280 3011 447 3071 affectiones
478 3011 547 3088 (per
579 3013 637 3071 Ae.
671 3012 718 3088 7.),
741 3013 846 3083 Quare,
868 3012 892 3071 si
913 3014 1034 3072 tollatur
1055 3018 1192 3078 extensio

125 3089 197 3148 nihil
218 3091 386 3162 remanebit,
409 3093 484 3168 quod
505 3093 542 3151 ad
563 3097 697 3151 naturam
719 3092 847 3169 eorporis
866 3093 1022 3168 pertineat,
1044 3097 1098 3154 sed
1120 3117 1192 3173 pror

125 3190 174 3228 sus
204 3171 338 3242 tolletur3
371 3192 441 3247 ergo
474 3171 542 3248 (ρον
572 3175 630 3232 Ae.
663 3172 701 3249 2.)
733 3172 763 3231 in
787 3173 849 3232 sola
870 3173 1040 3232 extensione
1062 3175 1190 3254 (torpori

125 3254 230 3309 natura
252 3252 392 3312 consistit.
415 3255 446 3326 Q.
469 3254 503 3312 E.
525 3255 563 3312 D.

512 3412 804 3472 OOROLLARIUM.

166 3536 301 3608 Spatium
322 3543 347 3594 et
372 3538 482 3612 θονρνο
502 3540 533 3595 in
557 3557 588 3595 re
608 3556 665 3595 non
687 3538 836 3611 differunt.

543 3680 772 3719 Dnuonsunarro.

163 3783 275 3860 Corpus
295 3789 324 3843 et
349 3785 481 3844 extensio
501 3785 532 3844 in
545 3805 577 3845 re
591 3806 650 3845 non
664 3787 802 3846 differunt
818 3790 885 3862 (ρον
900 3789 1055 3862 praeeed.];
1068 3789 1192 3864 spatiut
