2662 4290
124 335 182 391 204
476 352 619 392 coorruru
640 352 857 392 nmirursrcu.

158 526 300 591 'quonam'
383 519 581 594 l'roprietates
605 539 675 579 vero
696 519 830 578 veritatis
850 524 902 578 eut
923 519 997 578 ideae
1020 538 1095 577 verae
1113 520 1172 581 sunt.

140 587 189 624 ’Μ’
210 582 324 638 ¹''‘''¹'”'‘'
344 599 369 656 1.
402 599 485 669 Quod
517 600 556 658 sit
586 601 665 659 clara
695 605 726 658 et
756 599 908 670 distincte;
941 601 969 660 2.
1001 599 1082 669 Quod
1109 615 1173 655 omne

141 648 202 749 :quq
216 644 324 749 ‹lxlii-
342 679 461 737 dubium
482 680 575 749 tollat,
596 681 658 739 sive
679 700 736 738 uno
758 682 857 751 verbo,
879 680 956 755 quod
977 679 1016 737 sit
1036 683 1119 738 certa.
1133 674 1173 746 Qui

156 769 235 840 rrum„
259 782 305 811 non
342 765 478 834 quaerunt
506 761 708 818 certitudinem
733 759 764 818 in
785 761 872 818 rebus
891 759 971 836 ipsis,
993 760 1091 818 eodem
1109 756 1174 816 ruodo

141 845 191 873 '⁸⁸‘
208 846 233 873 ”¹
246 829 325 876 ’ΨΜ
341 839 491 908 falluntur,
513 859 548 898 ac
567 861 633 899 cum
643 840 673 899 in
685 840 720 898 iis
730 845 866 916 quaerunt
876 840 1033 898 veritatem
1044 862 1051 910 ;
1061 844 1174 913 etquen-

129 919 173 976 rin
193 918 330 989 dicamus,
354 939 399 977 reo
420 923 451 977 in
471 923 578 978 incerto
601 928 649 987 est,
671 920 815 979 rhetorice
835 919 977 979 sumimus
996 919 1120 977 ideatum
1137 933 1175 992 pro

128 999 201 1066 iden,
224 998 365 1074 quomodo
376 999 464 1057 etium
479 1020 539 1057 rem
551 1000 671 1059 dicimus
681 1001 801 1058 drcbium
813 1022 820 1071 ;
832 999 889 1058 nisi
899 1003 975 1058 forte
986 999 1063 1075 quod
1074 1004 1129 1057 tum
1138 1013 1176 1073 per

126 1078 356 1136 incertitudinem
388 1079 618 1154 contingentium
639 1080 844 1156 intelligamus,
866 1081 913 1138 vel
935 1100 1006 1150 rem,
1029 1099 1094 1156 quae
1113 1074 1177 1136 nobis

128 1158 360 1216 incertitudinem
394 1166 446 1217 aut
477 1160 594 1219 dubium
626 1160 726 1236 injicit.
754 1161 856 1236 Neque
876 1180 951 1236 opus
971 1164 1018 1218 est
1038 1159 1178 1218 circatae

130 1238 237 1297 diutius
257 1238 378 1309 morari;
401 1259 492 1315 qmue
512 1241 550 1298 ad
570 1240 688 1299 tertium
709 1260 873 1316 pergemus,
895 1245 925 1298 et
945 1239 1042 1310 simul,
1064 1238 1127 1316 quid
1139 1253 1177 1313 per

131 1319 193 1394 ojus
213 1318 389 1377 contrarium
411 1320 630 1395 intelligendum
651 1320 698 1391 sit,
719 1319 936 1396 explicabimus.

168 1426 263 1470 nanum
280 1429 302 1468 er
384 1426 441 1485 Res
473 1427 535 1485 sola
565 1426 748 1486 considerata
770 1446 864 1502 neque
884 1427 961 1485 bona
982 1425 1088 1485 dicitur
1106 1438 1181 1498 neque

155 1488 317 1594 ''⁸5:4²2'''dlssfl
344 1511 432 1582 uentu,
454 1508 504 1566 sed
526 1512 640 1565 tantum
661 1506 822 1583 respective
843 1507 880 1564 ad
899 1505 997 1577 uliam,
1009 1506 1058 1565 cui
1068 1500 1183 1566 conducit

168 1614 305 1670 ,muna
347 1591 384 1649 ud
405 1589 443 1658 id,
466 1588 542 1664 quod
562 1586 878 1663 amst,acquirendum‚
891 1586 1069 1646 velcontra:
1081 1587 1184 1660 ideoque

343 1687 525 1745 unaquaeque
546 1687 602 1735 res,
622 1667 736 1726 diverso
747 1671 881 1743 respectu
892 1667 1053 1742 eodemque
1063 1671 1184 1742 temporo,

129 1746 204 1801 bona
235 1751 265 1802 et
295 1752 371 1809 mala
401 1754 498 1826 potest
529 1747 594 1807 dici.
626 1748 673 1806 Sic
703 1747 852 1806 consilium
885 1766 910 1805 e.
943 1766 973 1822 g.
1000 1743 1186 1822 Achitophelis

131 1824 269 1882 Abstlloui
302 1826 399 1890 datum
432 1831 538 1887 bonum
568 1828 599 1886 in
628 1827 724 1886 Sacris
744 1826 864 1886 Litteris
884 1832 1026 1899 vocatur;
1048 1827 1187 1903 pessimum

130 1909 226 1962 tamen
255 1913 319 1966 crat
340 1909 455 1978 Davidi,
476 1909 559 1984 cujus
579 1907 728 1966 interitum
749 1907 929 1966 moliebatur.
952 1906 1010 1966 Sed
1033 1908 1124 1966 multe
1143 1903 1189 1963 alis

130 1990 198 2042 sunt
229 1987 313 2057 bonu,
346 2011 411 2067 quae
443 2009 501 2047 non
533 1988 665 2046 omnibus
697 1990 773 2046 bona
793 1991 876 2056 sunt;
898 1987 940 2045 sic
961 1988 1043 2046 salus
1064 1990 1137 2046 bona
1155 1987 1191 2043 eal

131 2065 301 2137 hominibus,
324 2092 383 2130 non
404 2089 473 2128 vero
494 2088 588 2144 neque
609 2071 685 2126 bona
705 2087 800 2144 neque
820 2067 897 2126 mela
917 2067 1014 2126 brutis
1024 2072 1079 2126 aut
1088 2064 1191 2143 plantis

131 2145 166 2202 ud
201 2166 272 2220 quas
303 2153 413 2210 nullum
446 2151 535 2208 habet
566 2153 738 2224 respectum.
768 2148 847 2206 Deus
874 2166 945 2206 vero
967 2147 1077 2206 dicitur
1096 2163 1193 2206 summe

131 2226 232 2295 bonus,
265 2230 333 2303 quia
354 2231 486 2290 omnibus
506 2228 658 2299 conducit;
680 2247 783 2304 nempe
803 2227 1033 2304 uniuscujusque
1055 2247 1127 2296 esse,
1147 2243 1194 2301 quo

132 2304 202 2362 nihil
234 2310 327 2383 magis
355 2310 486 2379 amabile,
507 2329 559 2367 suo
580 2328 723 2367 concursu
743 2308 951 2367 conservando.
974 2308 1088 2367 Malum
1109 2312 1195 2367 autem

130 2387 292 2447 alisolutum
314 2393 422 2451 nullum
444 2391 539 2459 datur,
561 2394 594 2448 ut
615 2409 667 2465 per
687 2408 718 2448 se
739 2393 784 2447 est
804 2387 1001 2446 manifestum.

150 2502 231 2551 oum-e
252 2499 332 2557 reliqui
388 2498 443 2568 Qui
474 2501 571 2555 nutem
602 2497 709 2554 bonum
730 2495 845 2570 aliquod
866 2494 1105 2570 Metaphysicum
1126 2514 1198 2571 quae·

147 2559 233 2603 comm
255 2562 330 2605 “lm''
348 2579 446 2648 ritant,
480 2577 557 2653 quod
589 2576 667 2634 omni
697 2580 796 2634 careat
827 2579 970 2651 respectu,
1003 2575 1079 2635 falso
1111 2575 1199 2653 aliquo

171 2623 302 2678 puplicum
413 2660 418 2671 .
462 2658 494 2669 ..
1012 2654 1018 2667 .
1052 2655 1059 2668 .
1115 2656 1121 2668 .

163 2689 312 2731 ..mrum-..ng
347 2659 514 2735 prseJudicro
555 2657 703 2726 laborant3
741 2674 844 2730 nempe
878 2655 953 2730 quod
990 2655 1201 2715 drstmctronem

346 2738 478 2797 Rationis
486 2757 550 2795 cum
560 2735 833 2795 distinctionelteali
841 2735 889 2793 vel
897 2734 1007 2793 Modali
1016 2737 1201 2795 confundant.

131 2816 322 2893 Distinguunt
342 2820 417 2878 enim
438 2818 515 2877 inter
535 2837 595 2875 rem
617 2817 709 2893 ipsam
730 2820 914 2887 etconatum,
926 2814 974 2890 qui
987 2815 1019 2873 in
1031 2824 1202 2893 unaquoque

131 2917 163 2955 ro
184 2905 228 2956 est
249 2900 283 2957 nd
306 2920 388 2958 suum
410 2918 473 2957 osse
494 2897 734 2967 conservandum,
756 2894 889 2972 quamvis
910 2894 1053 2966 nesciant,
1076 2896 1145 2972 quid
1156 2915 1204 2971 per

132 2986 266 3037 conatum
287 2980 460 3055 intelligant.
484 2979 556 3036 Haec
577 2977 653 3035 enim
675 2977 740 3044 duo,
762 2974 894 3051 quemvis
910 2974 1036 3034 Ratione
1047 2996 1101 3036 seu
1113 2976 1205 3052 potius

131 3060 227 3116 vorbis
259 3061 483 3135 distinguantur,
518 3058 593 3134 quod
626 3056 750 3115 maximo
771 3056 849 3132 ipsos
870 3054 994 3131 decepit,
1017 3057 1099 3115 nullo
1121 3056 1203 3114 modo

132 3138 226 3214 reipsa
246 3140 323 3199 inter
344 3161 375 3198 se
397 3139 624 3212 distinguuntur.

195 3247 243 3290 ires
264 3251 285 3290 a
390 3245 472 3315 Quod
494 3249 526 3302 ut
547 3244 624 3302 clare
644 3243 834 3318 intelligatur,
855 3242 1020 3316 exemplum
1031 3242 1157 3319 alicujus
1168 3241 1208 3301 rei

155 3314 326 3416 §fg'sslfp‘ffiffi‘x
350 3323 568 3400 simplicissimae
590 3327 626 3382 ob
647 3324 744 3382 oculos
765 3342 913 3399 ponemus.
935 3322 1035 3380 Motus
1049 3322 1140 3382 habet
1151 3322 1207 3381 vim

157 3404 201 3477 mg„
214 3402 324 3491 pabore·
349 3406 378 3463 in
410 3426 461 3464 suo
490 3409 570 3463 statu
590 3402 812 3480 perseverandi3
833 3403 897 3461 hoec
917 3401 963 3461 vis
983 3403 1116 3478 profecto
1138 3402 1208 3461 nibil

160 3510 219 3541 rare
236 3510 324 3540 conan-
351 3485 427 3543 aliud
461 3489 514 3553 est,
537 3505 621 3560 quum
643 3482 828 3559 motusipse,
851 3483 906 3541 boc
926 3485 979 3553 est,
1002 3483 1080 3557 quod
1103 3487 1209 3541 natura

151 3564 200 3611 *un
217 3559 334 3617 quamodo
351 3571 446 3623 motus
478 3565 544 3623 talis
569 3565 615 3623 sit.
639 3564 668 3623 Si
689 3563 764 3622 enim
786 3563 887 3634 dicam,
909 3561 939 3620 in
960 3562 1017 3620 hoc
1038 3582 1161 3639 corpore
1185 3564 1209 3621 A

182 3621 303 3677 ‹tintinua-

198 3688 281 3728 (nourr.
353 3645 422 3703 nihil
454 3645 531 3702 uliud
556 3665 628 3714 esso,
651 3663 736 3719 quam
758 3649 866 3702 certam
887 3641 1083 3717 quantitatem
1105 3648 1210 3713 motus,

351 3726 418 3784 hinc
449 3725 525 3782 claro
557 3724 695 3799 sequitur,
728 3723 863 3799 quamdiu
893 3723 930 3780 ad
960 3721 1032 3780 illud
1054 3725 1210 3799 corpusA

136 3808 263 3877 attendo,
285 3826 331 3864 me
352 3824 465 3881 sempor
487 3804 590 3863 debere
613 3805 715 3873 dicere,
737 3804 807 3862 illud
829 3822 933 3879 corpus
953 3802 1074 3862 moveri.
1088 3803 1209 3862 Sienim
