2662 4290
135 327 192 383 144
369 343 519 382 nsmcnna
543 342 742 383 immosoi’nm:
763 341 961 381 caniseiane.

133 515 179 569 est
210 509 366 569 absurdum
400 510 468 584 (ρον
505 510 606 568 Coroll.
629 510 657 567 4.
679 511 767 585 Ρνορ.
792 510 861 583 12.).
883 510 936 567 Est
956 508 1047 584 igitur
1069 529 1120 568 ens

135 590 329 667 plicissimum.
363 592 395 662 Q.
418 589 453 649 Ε.
475 589 513 647 l).

522 729 816 790 COROLLARIUM.

173 874 249 934 Hinc
277 873 415 949 sequitur,
438 871 492 931 Dei
512 872 744 947 intelligentiam,
766 873 956 942 voluntatem,
978 893 1030 932 seu
1051 875 1121 933 Deci

131 961 163 1014 et
184 953 358 1024 Potentiam,
380 973 438 1012 non
460 952 609 1028 distingui,
632 953 690 1011 nisi
710 952 843 1025 Ratione,
866 955 902 1011 ab
924 953 987 1029 ejus
1008 955 1118 1013 essenti

438 1111 763 1172 PROPOSITIO
796 1112 906 1170 XVIII.

173 1277 251 1335 Deua
275 1283 314 1334 eet
340 1275 535 1333 ionmutobilis.

549 1425 778 1466 DEMONSTRATIO.

172 1542 201 1601 Si
233 1543 312 1602 Deus
343 1548 419 1601 esset
449 1541 604 1612 mutabilis,
636 1561 694 1600 non
724 1545 822 1616 posset
843 1559 880 1597 ex
901 1544 993 1616 parte,
1015 1541 1067 1598 sed
1090 1541 1121 1599 de

132 1623 290 1681 seeundum
321 1627 413 1681 totam
443 1622 597 1681 essentiam
618 1621 726 1680 mutari
747 1622 817 1696 (per
833 1621 921 1696 Ρνορ.
946 1621 994 1683 7.).
1016 1621 1060 1678 At
1082 1641 1121 1678 es

134 1702 186 1760 nei
218 1703 381 1761 necessario
412 1703 513 1761 existit
533 1705 602 1778 (ρον
623 1703 714 1777 Ρνορ.
737 1703 764 1772 ὃ,
787 1703 814 1772 6,
836 1706 866 1758 et
888 1702 946 1774 7.);
968 1719 1039 1775 ergo
1062 1701 1121 1759 Det

132 1782 327 1842 immutabilis.
352 1784 385 1854 Q.
407 1784 442 1842 Ε.
464 1783 502 1842 D.

454 1941 778 2001 PROPOSITIO
810 1941 889 2000 XIX.

172 2076 251 2134 Dens
272 2082 310 2134 est
330 2082 462 2133 (eternas.

552 2227 783 2268 nnnonsnnamo.

170 2342 249 2400 Deus
269 2346 315 2400 est
337 2361 389 2401 ens
409 2361 519 2402 summe
539 2343 699 2418 perfeetum
720 2344 790 2417 (ρον
808 2342 874 2411 Des.
898 2342 956 2413 8.);
979 2361 1016 2398 ex
1038 2362 1122 2417 qnos

128 2427 178 2480 tur
208 2429 278 2498 (per
310 2423 398 2498 Ρνορ.
432 2424 482 2495 5.),
513 2422 608 2498 ipsum
640 2421 803 2480 necessario
835 2421 969 2480 existere.
1003 2421 1033 2479 Si
1063 2423 1122 2498 jam

128 2501 281 2560 limitatam
312 2502 498 2561 existentiam
518 2501 689 2574 tn‘buamus,
709 2501 816 2560 limites
835 2502 898 2577 ejus
918 2500 1083 2561 existentiae
1108 2523 1122 2560 n

130 2580 215 2653 sario,
237 2581 262 2639 si
282 2601 341 2640 non
361 2601 379 2640 a
399 2582 491 2652 nobis,
513 2583 617 2641 saltem
637 2584 675 2640 ab
695 2581 758 2658 ipso
779 2583 850 2655 Deo,
872 2582 978 2641 debent
991 2581 1118 2657 intelligi

129 2662 217 2736 Prop.
250 2661 300 2734 a),
333 2661 401 2737 quia
429 2667 475 2720 est
494 2680 605 2720 summe
624 2662 805 2737 intelligens3
827 2681 917 2738 quare
938 2662 1019 2720 Deus
1039 2663 1121 2721 ultra

128 2740 234 2799 limites
265 2760 305 2810 se,
337 2741 392 2800 hoe
421 2747 467 2800 est
498 2743 566 2818 (per
597 2743 664 2816 Des.
687 2744 726 2812 8.)
748 2761 800 2800 ens
821 2762 931 2801 summe
951 2742 1123 2817 perfeetum,

129 2820 303 2880 existentem
327 2820 479 2897 intelliget,
501 2823 578 2898 quod
599 2827 644 2881 est
664 2823 821 2881 absurdum
843 2824 913 2898 (per
938 2822 1027 2897 Ρνορ.
1052 2825 1102 2891 5.).

129 2902 207 2960 Deus
238 2921 297 2961 non
327 2901 490 2976 limitatam,
521 2903 573 2961 sed
603 2902 746 2961 infinitam
779 2902 868 2961 habet
895 2901 1093 2974 existentiam,
1117 2927 1123 2960 ι

129 2982 322 3042 aeternitatem
354 3003 499 3042 vocamus.
537 2983 608 3041 Vide
643 2983 713 3058 Cep.
745 2983 770 3041 I.
800 2984 884 3041 Part.
914 2985 1043 3042 2nostr.
1067 2987 1123 3059 Αρ,

128 3064 207 3122 Deus
226 3063 316 3138 igitur
336 3069 382 3122 est
402 3069 538 3122 aeternus.
564 3064 596 3135 Q.
619 3064 654 3121 Ε.
675 3064 714 3121 D.
838 3087 841 3091 ¹

454 3221 780 3281 PROPOSITIO
813 3223 875 3282 XX.

167 3357 247 3415 Deus
267 3358 364 3414 olianta
385 3357 420 3415 ab
440 3364 546 3416 aeterno
562 3358 782 3432 preordinavit.

545 3509 775 3549 nnnons'mamo.

167 3624 239 3685 Cum
271 3624 349 3682 Deus
378 3622 416 3681 sit
439 3628 566 3682 {eternus
587 3624 657 3698 (per
674 3625 822 3698 preces),
844 3621 901 3680 erit
921 3623 984 3696 ejus
1005 3622 1124 3698 intellig

127 3710 246 3773 aeterna,
279 3703 348 3779 quia
373 3703 410 3761 ad
431 3703 494 3779 ejus
515 3708 655 3762 aeternam
676 3703 832 3762 essentiam
852 3701 980 3778 pertinet
1001 3704 1073 3778 (ρον
1098 3705 1124 3762 (l

128 3786 218 3860 Ρνορ,
242 3784 311 3858 17.).
334 3782 425 3859 Atqui
445 3783 508 3859 ejus
529 3782 695 3842 intellectus
717 3786 755 3842 ab
776 3784 838 3860 ejus
849 3783 1001 3842 voluntate
1012 3783 1075 3842 sive
1086 3784 1122 3842 de
