2662 4290
127 326 187 383 270
500 341 689 381 consuamus
711 342 823 381 sanum.

127 510 295 568 relationem
322 511 416 567 habet.
447 509 519 567 Nam
547 511 601 567 hoc
626 509 755 585 apprime
783 510 951 580 notandum,
979 511 1056 585 quod
1086 512 1198 575 Modus,

128 610 212 664 quem
242 590 419 647 lntinitivum
448 589 545 647 Latini
571 596 687 659 vocant,
712 590 787 665 apud
810 590 951 647 Hebraeos
971 609 1076 665 purum
1098 596 1198 667 putum

128 670 239 728 Nomen
260 670 306 737 sit,
330 669 378 744 qni
400 675 554 744 propterea
575 669 742 728 Infinitivus
763 689 815 727 nec
837 689 973 744 praesens
996 690 1050 728 nec
1072 672 1199 747 praeteri-

126 756 197 821 tum,
227 770 279 807 nec
307 750 436 808 absolute
465 750 553 807 ullum
582 755 695 826 tempus
722 749 863 825 agnoscit.
892 749 1003 808 Deinde
1025 753 1116 834 fl'jffln
1137 755 1199 819 cite,

126 858 227 915 modus
248 857 413 915 ambulandi
435 863 479 914 est
497 848 563 930 Dlln
582 859 672 928 lindie,
692 859 760 940 'ipa
781 877 854 928 oros,
877 862 931 916 etc.
953 858 1111 916 relationes
1132 871 1199 917 sunt

127 965 273 1040 temporis,
286 985 351 1039 quae
363 964 449 1021 otiam
462 964 525 1021 aliis
537 964 628 1021 modis
640 964 849 1040 exprimuntur,
862 965 897 1022 de
909 964 1014 1040 quibus
1022 965 1079 1023 alio
1089 965 1199 1041 Capite.

168 1044 298 1102 Nominis
329 1044 417 1118 igitur
449 1064 556 1118 genera
588 1049 657 1102 sunt
687 1065 752 1102 sex:
786 1045 809 1104 I.
839 1044 949 1103 Nomen
974 1046 1199 1115 substantivum,

129 1126 206 1200 quod
220 1125 248 1181 in
263 1125 409 1199 propriam
426 1132 454 1181 ot
469 1125 677 1199 appellativum
693 1125 840 1196 dividitur,
856 1130 889 1182 ut
903 1131 1012 1183 notum.
1034 1126 1075 1183 ll.
1097 1127 1199 1202 Adjec-

129 1205 230 1262 tivum.
271 1205 324 1262 Ill.
364 1204 527 1262 ltolativum
559 1205 621 1262 sive
652 1205 884 1281 Praepositivnm.
917 1205 969 1264 IV.
1002 1206 1200 1281 Partioipiunr.

134 1286 168 1343 V.
190 1285 377 1343 infinitivam.
399 1286 452 1343 -Vl
475 1285 663 1343 mlverbium.
686 1285 796 1355 Quibus
810 1285 921 1344 accedit
936 1287 1108 1353 Pronomen‚
1125 1289 1200 1362 quorl

130 1365 221 1423 vicem
243 1365 372 1422 Nominis
393 1366 569 1423 substantivi
591 1365 674 1439 gerit,
696 1372 729 1424 ut
759 1367 807 1441 ’,1ιῖ
834 1386 891 1442 epo,
913 1368 985 1448 175]ss
1004 1375 1045 1439 ta,
1066 1370 1126 1424 aar!
1147 1370 1200 1429 illc.

127 1479 200 1543 otc.;
223 1474 272 1531 soil
294 1475 329 1530 ile
351 1474 405 1530 lroo
426 1473 481 1529 alio
497 1472 565 1547 Cap.
581 1493 675 1547 agam.
691 1472 854 1547 Dereliquis
868 1479 964 1531 autern
980 1473 1026 1531 hic
1042 1475 1200 1531 notandum

131 1553 218 1622 venit,
251 1555 325 1628 quod
354 1553 474 1610 Nomine
502 1553 618 1628 proprio
646 1553 830 1611 substantivo
858 1572 1005 1628 nunquam
1035 1553 1091 1611 nisi
1113 1574 1200 1612 unum

129 1634 277 1707 singulare
305 1632 483 1691 individuum
510 1633 673 1708 significare
701 1653 861 1708 possumus
883 1633 957 1691 Nam
978 1635 1202 1709 unumquodque

131 1714 310 1782 invididuam
336 1734 417 1771 suum
446 1713 499 1771 sibi
528 1718 641 1771 tanturn
668 1714 758 1771 habet
785 1713 896 1772 Nomen
924 1713 1082 1788 proprium,
1112 1719 1145 1772 ut
1174 1720 1201 1772 et

132 1813 313 1869 unaquaeque
342 1794 429 1863 actio;
455 1798 543 1869 atque
564 1794 631 1851 hinc
653 1792 693 1866 fit,
717 1800 749 1851 ut
770 1793 880 1852 Nomen
902 1794 1118 1852 substantivum
1140 1815 1201 1870 pro-

132 1873 234 1950 prium,
264 1879 296 1931 ut
325 1879 354 1930 et
381 1873 555 1938 infinitivus,
583 1880 612 1931 et
641 1873 830 1941 Adverbium‚
860 1873 927 1950 quia
952 1874 1035 1949 quasi
1057 1875 1202 1950 adjectiva

132 1953 277 2012 actionum
299 1959 375 2023 sunt,
399 1956 567 2030 quibuscum
589 1955 713 2012 debeant
734 1954 858 2012 Numero
880 1954 1044 2024 convenire,
1066 1975 1126 2013 non
1149 1955 1202 2012 nisi

131 2034 272 2109 singulari
299 2033 424 2092 Numero
453 2034 662 2108 exprimantur,
689 2034 801 2110 reliqua
828 2040 924 2093 autem
953 2039 982 2092 et
1011 2034 1155 2110 singulari
1174 2042 1202 2093 et

132 2115 245 2191 plurali.
260 2114 330 2172 Dico
341 2118 453 2190 reliquo
461 2137 471 2172 .·
484 2134 551 2171 narn
563 2114 788 2189 praepositiones
800 2114 887 2173 etiam
898 2115 1039 2190 pluralem
1049 2135 1200 2174 numerum

129 2197 248 2263 habent,
282 2196 316 2253 de
348 2195 451 2269 quibus
482 2194 539 2252 vid.
572 2194 640 2269 Cap.
675 2196 720 2254 io.
751 2195 850 2253 Solent
878 2195 980 2255 deinde
1007 2195 1147 2267 homines,
1174 2202 1202 2254 et

130 2275 274 2351 praeoipue
303 2275 428 2344 Hebraei,
458 2276 544 2332 rebus
572 2274 704 2332 omnibus
732 2276 859 2333 humana
888 2275 1031 2334 attributa
1059 2276 1139 2348 dare,
1171 2282 1201 2334 ut

131 2364 211 2414 terro
232 2357 351 2425 aiccltott,
374 2357 534 2412 czicscattoto
556 2363 604 2425 cst,
626 2359 681 2413 etc.
696 2355 734 2412 Et
747 2357 823 2413 fort-e
837 2357 900 2430 hac,
916 2361 968 2414 aut
982 2355 1041 2413 alia
1055 2356 1092 2415 de
1106 2376 1201 2424 causa,

129 2435 227 2494 omnia
248 2436 364 2493 nomina
384 2455 480 2493 reram
501 2434 530 2492 in
546 2435 705 2494 masculina
720 2440 749 2493 et
764 2435 912 2495 foeminina
927 2436 1099 2495 diviserunt.
1120 2436 1202 2496 Unde

132 2521 228 2574 autem
254 2521 419 2583 noscantur,
448 2520 477 2573 et
504 2534 561 2590 qua
586 2515 699 2573 ratione
720 2515 843 2574 Nomina
863 2536 900 2574 ex
921 2536 1041 2575 numero
1063 2515 1202 2592 singulari

128 2596 159 2654 in
181 2596 320 2670 pluralem
340 2596 502 2666 flectantur,
525 2595 554 2652 in
576 2615 656 2672 seqq.
678 2596 813 2654 dicemus.

587 2809 672 2868 CAP.
693 2809 745 2866 Vl.

271 3017 315 3072 ne
336 3016 456 3088 flexione
481 3016 614 3072 Nominis
634 3032 669 3071 ca
689 3016 833 3090 singulari
853 3016 884 3071 ia
899 3016 1058 3088 pluralem.

169 3202 291 3259 Nomina
313 3222 348 3259 ox
369 3201 511 3277 singulari
535 3202 563 3259 in
579 3203 719 3278 pluralem
736 3220 886 3259 numerum
901 3200 1060 3259 flectuntur
1074 3201 1205 3260 addendo

131 3282 295 3340 masculinis
324 3282 425 3355 ghirek
454 3283 572 3356 longum
601 3287 631 3340 et
658 3283 687 3351 ῡ,
714 3286 744 3339 et
764 3279 922 3340 faemininis
941 3301 958 3338 o
979 3281 1099 3356 longum
1121 3287 1151 3340 et
1172 3284 1205 3338 ἢ.

131 3363 184 3420 Ex.
207 3383 250 3436 gr.
277 3364 302 3445 ll
330 3363 429 3421 tortas
451 3364 539 3420 habet
567 3363 596 3419 in
619 3361 730 3437 plurali,
753 3361 821 3437 qnia
842 3360 993 3418 masculini
1015 3361 1131 3436 generis
1152 3370 1205 3421 est.

131 3470 200 3543 0³32.
220 3469 266 3527 Sic
288 3489 325 3526 ex
343 3470 386 3550 ῙἚ
406 3471 502 3537 orbor,
520 3471 568 3551 HN
582 3469 685 3540 freter,
708 3469 738 3525 iit
754 3468 838 3542 0³31),
854 3469 946 3541 etim
962 3473 994 3524 at
1006 3458 1068 3526 sslN
1082 3473 1205 3545 signum.

133 3575 200 3651 quia
230 3575 369 3635 fmrninini
405 3574 519 3650 generis
551 3580 603 3641 est,
636 3575 725 3632 habet
755 3574 785 3631 in
814 3565 1048 3650 plorantium,
1072 3580 1105 3634 ut
1125 3583 1156 3633 et
1174 3577 1207 3649 ll

131 3684 248 3739 carmela
270 3673 353 3756 still,
377 3688 405 3739 ot
420 3673 474 3745 'tlt'
490 3684 561 3738 rectis
575 3672 678 3748 atain,
695 3686 748 3738 eto.
765 3680 958 3756 Excipiuntur
972 3683 1114 3756 quaedam,
1131 3703 1206 3757 qua.

40 3867 44 3874 ἡ
130 3790 264 3863 quamvis
295 3788 461 3849 masculina.
495 3796 592 3846 tamen
624 3787 653 3845 in
685 3788 788 3863 plurali
816 3794 849 3845 ut
874 3787 1031 3859 foeminina,
1055 3793 1085 3848 et
1106 3794 1207 3847 contra
