2662 4290
153 308 209 365 108
392 323 543 363 33133133
564 324 765 363 3333333313
787 324 987 364 ambesum.

146 512 203 567 per
234 493 419 566 Definitiones
449 499 474 548 ct
505 492 674 561 Diuisiones,
707 494 784 550 inter
814 511 842 549 33
863 494 995 549 continuo
1016 497 1224 559 concatenatos,

152 581 235 648 3333
264 574 331 630 hinc
360 573 427 629 inde
448 573 649 647 quastionibus
670 578 754 647 3333
775 572 1011 646 explicationibus
1031 573 1225 640 intermixtas,

153 661 242 710 totum
274 653 431 710 absolvitur
462 654 611 728 3333333.
643 654 821 710 Judicarunt
852 656 927 710 enim
953 653 1046 725 ferme
1066 669 1169 719 omnes,
1192 669 1227 708 oc

151 735 309 790 etiamnum
332 733 470 808 judicant
492 734 583 802 multi,
607 736 657 808 qui
677 735 804 790 scientiis
824 733 1026 790 constituendis
1048 730 1225 788 3333333333-

152 815 252 888 333333
283 815 414 870 animum
444 814 617 887 adjecerunt,
647 813 810 871 Methodnm
831 815 917 870 istam
939 812 1147 869 Mathematicis
1167 812 1227 868 dis·

154 895 269 967 cc’plims
292 911 349 950 esse
364 894 548 966 peculiarem,
571 895 751 968 33333333333
772 911 867 950 omnes
887 894 968 950 illam
988 910 1121 966 respuere
1142 898 1228 966 atque

153 976 315 1047 aspernari.
355 973 433 1030 Unde
461 973 582 1045 factum,
612 980 651 1044 ut,
675 992 848 1049 quacunque
867 975 900 1029 in
920 973 1044 1029 medium
1067 973 1226 1040 adducunt,

152 1055 240 1111 nullis
270 1053 437 1126 apodicticis
457 1053 619 1110 rationibus
639 1055 837 1123 demonstrent,
862 1055 911 1110 sed
931 1059 1043 1110 tantum
1064 1053 1227 1108 verisimili·

153 1133 300 1190 tudinibns
315 1132 567 1208 probabilibusque
583 1136 758 1209 333333333
769 1135 919 1190 adstruere
931 1139 1076 1201 conentur,
1088 1150 1228 1207 acapnum

153 1233 186 1270 ea
206 1216 318 1270 ratione
338 1231 510 1288 mopnorum
532 1214 673 1271 librorum
692 1215 876 1289 farropinem
896 1215 928 1270 in
949 1215 1038 1271 lucem
1048 1212 1228 1286 protruden-

153 1300 200 1364 tes,
229 1296 261 1350 in
282 1293 384 1369 quibus
403 1294 475 1351 nihil
495 1294 604 1351 stabilis
623 1296 752 1351 inoercios
773 1300 856 1369 atque
876 1295 953 1359 certi,
975 1294 1023 1350 sed
1044 1293 1142 1349 omnia
1163 1309 1229 1349 con·

152 1375 285 1431 tentionis
315 1381 399 1448 3333
427 1374 542 1430 dissidii
558 1375 656 1448 plena,
679 1381 712 1443 et,
735 1376 810 1450 quod
832 1374 867 1430 ab
888 1391 946 1431 333
966 1373 1140 1430 ratiunculis
1162 1374 1228 1447 qui·

153 1453 274 1512 busdam
294 1453 399 1511 leuibus
419 1461 561 1529 utcunque
582 1455 782 1527 confirmatum
803 1460 850 1523 est,
873 1472 940 1511 mon
960 1453 996 1510 ab
1017 1454 1074 1510 alio
1096 1453 1228 1525 confuto·

153 1541 214 1590 tum
235 1553 268 1590 ac
289 1535 389 1591 iisdem
410 1536 502 1591 armis
521 1536 652 1592 dirutum
673 1542 757 1610 3333
778 1536 941 1607 disjectum3
964 1534 1034 1590 adeo
1054 1538 1086 1589 nt
1100 1535 1229 1590 immota

154 1616 281 1671 ueritatis
312 1615 399 1671 arida
419 1632 506 1685 3333,
528 1614 578 1671 ubi
598 1615 786 1689 tranquillum
806 1615 897 1672 studii
917 1615 964 1671 sui
983 1619 1126 1688 333333,
1150 1614 1229 1687 quod

155 1700 214 1751 tuto
246 1701 271 1750 et
287 1712 429 1768 prospero
450 1713 538 1751 cursu
559 1697 698 1770 trajicere,
721 1713 755 1752 ac
776 1713 830 1769 333
851 1697 972 1769 trajecto
992 1693 1108 1750 tandem
1129 1699 1228 1766 optato

154 1775 324 1849 monitionis
347 1781 437 1847 portu
463 1776 558 1848 potiri
578 1781 683 1849 posset,
705 1777 833 1832 inuenire
848 1780 981 1849 putarat,
1003 1775 1035 1830 in
1056 1775 1229 1847 opinionum

152 1855 309 1927 impetuoso
340 1872 369 1910 33
398 1855 582 1927 fluctuantem
608 1856 701 1912 uideat
722 1856 808 1924 mari,
831 1873 865 1912 ac
885 1853 1095 1929 tempestatibus
1116 1860 1228 1910 conteu-

153 1935 263 1991 tionum
286 1934 412 2009 undique
432 1936 672 2004 circumcinctam,
694 1936 984 2009 incertitudinumque
1003 1933 1228 2007 3333333333-

155 2016 287 2084 sinentur,
309 2015 370 2070 sine
390 2015 451 2071 ullo
471 2033 505 2071 33
526 2017 563 2072 iis
583 2033 712 2090 333333
733 2016 895 2091 3333333333
914 2033 972 2088 spe,
986 2015 1126 2084 iactatam
1140 2019 1228 2089 3333

155 2093 311 2168 abreptam.

193 2174 260 2232 Non
291 2175 406 2247 defuere
436 2181 531 2232 tomen
562 2177 662 2251 33333,
695 2170 745 2250 333
776 2175 811 2232 ab
844 2175 889 2232 his
917 2175 1036 2232 seorsim
1066 2180 1227 2244 sumerum,

153 2260 236 2329 atquc
266 2255 340 2312 hauc
370 2257 565 2313 miserrimam
595 2256 787 2330 Philosophiae
818 2262 923 2312 sortem
954 2255 1091 2323 3333333,
1113 2253 1149 2310 ab
1169 2254 1229 2310 ista

152 2337 296 2392 comnnmi
317 2342 342 2392 et
364 2335 399 2392 ab
421 2336 552 2392 omnibns
572 2337 642 2392 trita
661 2337 794 2393 33333333
814 2336 951 2393 tradendi
972 2336 1226 2402 demersurum,

152 2433 186 2472 ac
217 2433 318 2472 33333
340 2434 456 2490 333333
475 2434 544 2472 3333
564 2417 691 2473 arduam
712 2417 863 2490 multisque
885 2414 1099 2488 difficultatibus
1119 2420 1228 2470 scaten-

153 2501 208 2551 tem
228 2496 349 2569 33333333
368 2502 443 2564 333,
465 2503 497 2552 ut
517 2496 652 2570 reliquos,
675 2495 915 2565 ultraMathesin,
928 2494 1118 2568 Philosophia
1125 2500 1230 2568 partes

153 2574 284 2631 Methodo
316 2582 401 2650 3333
429 2577 596 2633 certitudine
615 2577 815 2633 mathematico
836 2577 1046 2633 demonstratos
1061 2575 1230 2648 posteritati

154 2655 354 2729 relinquerent.
380 2654 508 2725 Quorum
529 2658 582 2713 alii
594 2657 662 2730 jam
683 2663 824 2730 receptam
845 2663 870 2713 et
889 2658 923 2713 iu
941 2655 1042 2712 scholis
1055 2655 1152 2711 doceri
1161 2656 1228 2712 soli-

156 2741 225 2800 tam,
258 2735 310 2791 olii
329 2752 441 2804 novam,
458 2738 584 2809 proprio
604 2743 697 2793 morte
717 2738 910 2806 adinventam,
932 2737 1019 2793 istuin
1039 2736 1071 2792 in
1094 2735 1229 2792 ordinem

156 2815 325 2889 redoperunt
355 2814 577 2889 Philosophiam,
599 2823 683 2891 3333
703 2817 766 2874 orbi
785 2817 928 2874 litterario
948 2816 1154 2890 propinarunt.
1178 2815 1229 2885 m,

156 2897 285 2969 3333333
306 2896 360 2952 diu
380 2897 533 2971 multisque
553 2897 635 2954 labor
655 2899 706 2954 iste
725 2898 813 2954 irrito
832 2914 961 2954 successu
971 2893 1228 2969 susceptussuorit,

153 2982 283 3033 exortum
312 2982 406 3033 tamen
425 2976 485 3050 fnit
506 2978 620 3034 tandem
640 2978 904 3050 splendidissimum
924 2977 997 3034 illud
1016 2977 1114 3033 saculi
1133 2977 1230 3032 nostri

153 3054 242 3128 iubar
272 3056 400 3113 Renotns
423 3056 482 3114 Des
507 3055 621 3131 Cortes;
642 3059 692 3132 qni
708 3064 863 3132 postquam
882 3059 915 3114 in
935 3055 1066 3125 Mathesi,
1089 3056 1230 3131 quicquid

155 3135 291 3192 odoribus
322 3138 496 3194 inaccessum
522 3138 629 3210 fuerat,
652 3138 788 3212 quicquid
808 3139 927 3212 insuper
948 3156 966 3193 a
991 3135 1146 3194 0333333333
1166 3138 1230 3194 suis

156 3214 317 3271 desiderari
333 3223 436 3289 posset,
457 3234 531 3274 noro
551 3218 683 3274 Methodo
704 3237 718 3274 e
738 3217 858 3275 tenebris
877 3219 910 3274 in
929 3218 1018 3275 lucem
1024 3223 1227 3290 protraxerat,

154 3293 343 3368 Philosophiae
362 3296 554 3368 fundamenta
574 3301 741 3355 inconcussa
761 3300 844 3367 eruit,
867 3298 969 3372 quibus
984 3297 1133 3370 plurimas
1154 3299 1229 3354 3333·

154 3380 224 3431 tates
244 3376 344 3432 ordine
365 3394 398 3432 ac
419 3378 586 3440 certitudine
606 3378 810 3435 Mathematico
830 3379 994 3452 superstrui
1014 3394 1102 3451 posse,
1124 3379 1230 3452 etipse

153 3473 252 3511 reoero
283 3457 495 3524 demonstravit,
527 3465 552 3514 3
584 3458 721 3526 omnibus,
755 3460 805 3533 333
835 3459 914 3516 illius
934 3459 1051 3530 scriptis
1071 3475 1227 3532 nunquam

153 3537 224 3592 satis
254 3537 412 3593 laudandis
443 3539 571 3595 animum
603 3539 699 3595 sedulo
731 3540 941 3613 applicuerunt,
974 3538 1035 3595 luce
1055 3536 1228 3596 Meridiana

156 3615 263 3672 clarius
283 3624 414 3690 apparet.

193 3695 231 3752 Et
252 3699 381 3771 3333333
404 3697 581 3755 Nobilissimi
592 3705 675 3774 3333
687 3698 926 3773 Incomporabilis
936 3698 1023 3774 hujus
1040 3697 1106 3755 Viri
1115 3700 1228 3773 scripta

154 3774 352 3850 Philosophica
382 3777 615 3836 Mathematicam
636 3780 854 3838 demonstrandi
875 3781 1017 3838 rationem
1038 3797 1072 3836 oc
1093 3779 1229 3837 ordinem
