2662 4290
185 335 244 394 346
560 354 749 395 conrnunruu
769 353 882 395 oum.

185 542 287 581 vorum
315 523 470 598 generibus
498 543 593 598 agam,
622 527 652 581 et
676 522 767 598 primo
789 522 824 580 de
844 521 889 593 iis,
912 539 1034 597 qnorum
1055 519 1150 597 prima
1171 522 1259 579 est).

185 604 305 674 Horum,
330 603 457 678 inquam,
479 603 611 679 plurima,
634 623 693 661 non
714 602 819 674 omnia,
841 603 854 658 )
874 601 1047 678 quibusdam
1067 601 1099 659 in
1118 601 1190 660 locis
1211 601 1259 660 vel

184 683 331 753 omittunt,
354 684 400 742 vel
422 684 563 754 retinent;
586 684 645 754 sed,
668 684 785 759 quando
806 682 869 740 fieri
889 686 994 758 potest,
1010 686 1117 757 puncto
1130 682 1257 757 dagesch

184 768 395 839 compensatur,
429 765 483 822 hoc
514 769 567 834 eet,
599 762 712 822 ratione
739 763 891 838 scriptura
920 767 1043 836 tantum,
1073 782 1131 820 non
1160 767 1257 821 autem

184 843 264 902 vocis
294 844 445 902 Defectiva
476 850 553 902 sunt.
586 843 660 913 Non,
692 843 819 921 inquam,
851 847 1014 918 propterea,
1046 841 1164 900 tametsi
1199 862 1258 900 una

183 924 296 999 syllaba
317 924 470 999 aliquando
492 924 615 984 deficiat.
638 923 711 982 Nam
734 925 832 982 Verba
852 923 1059 998 monosyllaba,
1078 923 1163 980 modo
1177 923 1258 981 nulla

184 1004 321 1063 thematis
351 1005 436 1063 litera
466 1005 590 1076 deficiat,
623 1023 681 1062 non
713 1005 807 1063 solent
838 1003 989 1074 defectiva,
1022 1007 1055 1061 ut
1086 1022 1140 1061 nec
1169 1003 1258 1062 etiam

183 1110 373 1186 polysyllaba,
395 1115 428 1169 ut
446 1101 512 1185 lf‘lf,
534 1111 728 1170 redundantia
749 1109 897 1187 appellari.

224 1217 335 1276 Horum
374 1217 549 1293 Paradigma
587 1218 626 1277 sit
656 1220 786 1277 Verbum
816 1217 916 1293 primae
947 1215 1169 1294 Oonjugationis
1199 1208 1259 1302 ΨΠ

184 1329 429 1401 appropinquare,
460 1325 543 1401 cujus
574 1325 715 1384 Infinitivi
747 1324 886 1401 simplicis
913 1325 1006 1383 forma
1026 1324 1114 1383 etiam
1137 1329 1183 1384 eet
1201 1316 1256 1414 ur,

184 1438 213 1492 et
234 1453 298 1492 cum
319 1437 342 1490 Π
359 1433 535 1510 paragogico
554 1424 638 1520 ΠΨΨ,
660 1434 743 1510 cujus
763 1433 894 1509 regimen
914 1436 960 1491 eet
976 1422 1054 1518 ΠΨ)

441 1593 624 1650 Praeteritum
646 1595 802 1669 analopccm
821 1611 933 1668 semper
952 1600 1000 1652 est.

385 1726 587 1801 Imperoticoa.
897 1726 1054 1784 Futurum.

344 1823 359 1880 f
607 1843 635 1880 m
868 1823 889 1882 f.
1010 1843 1039 1881 m

264 1920 319 2005 *tta
337 1934 367 1988 et
385 1918 441 2015 V?
549 1919 594 2003 ΓΠ
613 1933 643 1987 a
661 1919 706 2005 cu
720 1929 795 2005 sing.
990 1917 1060 2015 usp
1076 1931 1104 1992 1.

358 2043 440 2140 capp
539 2043 595 2139 aab
614 2054 653 2129 pl.
834 2043 914 2140 ’pen
990 2044 1060 2129 ran
1075 2057 1103 2113 2.

183 2190 221 2247 Et
253 2207 317 2247 cum
348 2191 370 2245 Π
401 2228 410 2245 .
445 2186 621 2264 paragogico
650 2176 756 2273 ΠΨΠ,
778 2192 808 2246 et
828 2207 893 2246 cum
914 2194 1036 2248 accentu
1055 2190 1191 2265 athnagh
1212 2191 1259 2249 vel

184 2295 282 2354 eilukh
301 2284 404 2385 ΠΨΠ

224 2403 351 2461 Verbum
378 2392 439 2485 {lm
457 2404 537 2471 dare,
564 2403 722 2474 concedere,
749 2421 802 2478 pro
820 2402 884 2477 Π)Π
902 2402 991 2461 habet
1008 2403 1071 2478 ΠΠ,
1087 2407 1117 2461 at
1131 2403 1260 2480 Impera-

184 2509 275 2568 tivum
294 2512 329 2593 ῘΠ
347 2511 401 2584 da;
422 2509 498 2567 unde
518 2509 649 2567 futurum
669 2510 739 2593 ῘΓΠ,
762 2509 836 2592 ῙΠΠ,
859 2514 914 2569 etc.

224 2617 364 2675 Secundae
379 2615 599 2692 (lonjugationis
610 2603 677 2673 ΠΨ)
685 2617 773 2690 ferre,
785 2618 889 2691 tollere,
902 2616 1030 2675 Verbum
1044 2605 1104 2700 ΨΠ
1117 2616 1258 2676 imitatur.

225 2723 296 2792 Quae
335 2722 429 2782 tertiae
467 2727 536 2782 suut
565 2722 795 2798 (lonjugationis,
828 2723 966 2782 Activum
998 2723 1122 2799 simplex
1154 2729 1261 2800 praeter

182 2803 313 2862 futurum
334 2804 489 2877 analogum
510 2804 628 2874 habent,
651 2807 684 2861 ut
703 2805 777 2886 ΠΓΠ,
800 2803 847 2861 vel
865 2805 951 2887 ΠΊΓΠ,
973 2808 1027 2863 etc.
1043 2807 1165 2875 tendere,
1180 2807 1260 2864 incli-

183 2929 263 2982 nare,
285 2910 367 2985 cujus
387 2909 583 2984 Imperativus
597 2914 642 2968 est
657 2912 731 2996 HQ
746 2914 778 2969 at
790 2910 921 2969 futurum
935 2912 1008 2996 ΠΓΠ
1022 2915 1089 2982 etc,
1101 2915 1131 2969 at
1145 2911 1260 2970 sublato

184 3017 257 3074 ufit
275 3018 342 3091 ΨΠ,
364 3016 420 3090 Uist
445 3017 479 3091 u}
498 3021 553 3075 etc.

225 3124 322 3181 Verba
354 3123 457 3181 deinde
490 3128 602 3199 quartae
632 3123 784 3182 imitantur
815 3124 987 3200 paradigma
1015 3123 1124 3200 primae,
1150 3128 1184 3182 ut
1203 3124 1262 3207 ΠΠ

182 3232 299 3306 sufflare
317 3232 378 3305 ΠΠ,
401 3236 516 3289 etcum
537 3232 559 3286 Π
580 3230 758 3306 paragcgico
777 3232 861 3317 ube,
883 3236 997 3289 etcum
1018 3230 1139 3304 ΠΓΠΠ.

224 3339 266 3396 At
292 3343 384 3397 sextae
408 3338 534 3412 analoga
560 3357 673 3413 semper
693 3342 777 3409 sunt3
799 3343 833 3396 ut
852 3342 883 3395 et
902 3337 1000 3396 Verba
1021 3343 1135 3395 octavae
1157 3337 1260 3413 Gonju-

185 3417 319 3494 gationis,
341 3423 463 3494 excepto
485 3417 639 3477 chaldaico
653 3419 715 3501 ΓΠ)
730 3419 903 3490 deacmrdere,
919 3418 955 3475 de
970 3437 1026 3492 quo
1038 3422 1137 3476 tamen
1150 3418 1259 3476 dubito.

224 3525 376 3583 Passivum
415 3524 537 3600 simplex
575 3526 731 3600 analogum
767 3530 820 3594 est,
852 3524 908 3583 nisi
939 3525 1016 3600 quod
1046 3524 1078 3582 in
1108 3524 1260 3600 praeterito

182 3611 303 3681 propter
336 3606 349 3661 )
378 3604 646 3664 characteristicum
677 3606 690 3661 )
720 3605 857 3664 thematis
888 3605 1049 3674 omittatur,
1082 3604 1177 3681 ipsum
1208 3625 1262 3681 per

184 3696 311 3771 dagesch
332 3695 553 3771 compensando,
576 3700 609 3753 ut
627 3685 685 3769 ΨΠ
703 3715 756 3770 pro
775 3685 857 3781 ΨΠ)
877 3694 932 3753 Sed
947 3695 1002 3752 hoc
1014 3695 1171 3769 analogum
1186 3713 1259 3763 esse,

184 3821 222 3860 ex
243 3802 287 3873 iis,
309 3823 375 3879 quae
397 3802 467 3877 Cap.
491 3804 537 3861 15.
560 3801 693 3874 diximus,
716 3806 808 3878 patet.
