2662 4290
127 345 185 402 ‘200
471 365 614 405 courrhrh
637 366 854 406 METAPEYSICA.

126 531 197 601 sive,
219 536 252 589 ut
272 533 361 606 vulgo
383 531 495 601 dicitur,
518 536 680 610 conlinqena
700 536 775 592 reale
795 533 852 605 sit3
876 531 951 608 quod
973 530 1060 589 facile
1079 536 1204 606 apparet

126 632 162 670 ex
194 632 236 683 eo,
269 613 343 687 quod
378 614 434 669 Ax.
470 614 515 671 10.
538 617 612 688 part.
637 615 664 672 1.
686 613 850 672 docuimus:
873 615 986 670 tantam
1007 610 1123 669 scilicet
1145 610 1201 668 vim

127 692 234 766 requiri
256 693 292 749 ud
314 712 374 750 rem
397 692 560 762 creandam,
583 712 669 769 quam
691 694 728 752 ad
741 693 833 769 ipsam
847 691 1089 750 conservandam.
1106 691 1203 760 Quare

127 772 205 829 nulla
227 791 273 830 res
294 777 392 830 creatu
413 772 531 847 propria
552 772 581 830 vi
602 773 798 848 aliquidfaoit,
810 772 1005 832 eodemmodo
1017 771 1202 829 acnulleres

126 857 224 909 creatu
245 859 297 909 sua
319 851 435 927 propria
446 851 476 909 vi
487 852 595 927 incepit
606 853 740 912 existere.
762 853 808 911 Ex
819 872 876 928 quo
887 851 1028 928 sequitur,
1044 850 1118 909 nihil
1130 850 1199 919 fieri,

128 931 182 988 nisi
213 930 243 988 vi
274 952 367 990 cairate
399 931 495 989 omnia
526 933 660 1005 creantis,
693 933 804 992 scilicet
825 932 888 1004 Dei,
911 931 960 1007 qui
981 951 1035 990 suo
1058 950 1199 989 concursu

127 1011 250 1085 singulis
270 1011 422 1070 momentis
443 1012 538 1070 omniu
559 1018 701 1087 procreat.
724 1012 796 1072 (lum
817 1016 915 1071 sutem
936 1011 1009 1070 nihil
1030 1011 1093 1085 fiat,
1116 1010 1198 1069 nisio

125 1093 186 1149 sola
207 1091 305 1149 divina
326 1091 465 1167 potentia,
487 1091 571 1151 facile
592 1098 637 1151 est
658 1093 766 1164 vidore,
788 1112 831 1164 ea,
854 1112 918 1169 quae
939 1092 1024 1162 fiunt,
1048 1091 1080 1149 vi
1092 1091 1198 1149 decreti

126 1171 178 1229 llei
201 1171 319 1247 ejusque
341 1171 500 1231 voluntatis
520 1172 582 1231 fieri
597 1174 634 1247 ¹⁸¹).
656 1173 706 1245 At,
728 1193 793 1232 cum
813 1173 843 1231 in
864 1173 926 1231 Deo
947 1171 1029 1230 nulla
1053 1170 1198 1230 sitineon·

126 1251 234 1309 stantia
255 1272 308 1310 nee
328 1252 450 1310 mutatio
472 1255 540 1327 (per
554 1255 644 1329 Prep.
661 1254 707 1313 18.
721 1261 747 1311 et
764 1254 867 1313 Coreli.
883 1254 972 1328 Prep.
989 1253 1039 1312 20.
1051 1260 1133 1327 pert.
1150 1252 1196 1323 1.),

125 1332 183 1401 illa,
214 1351 278 1406 quae
304 1332 364 1407 jam
392 1332 534 1408 producit,
563 1353 594 1391 se
615 1333 822 1408 producturum
843 1335 881 1391 ab
902 1337 1013 1391 aeterno
1036 1331 1197 1390 decrevisse

126 1411 240 1483 debuit;
273 1432 394 1488 cumque
426 1412 497 1470 nihil
528 1412 622 1488 magis
642 1412 836 1472 necessarium
857 1412 896 1471 sit
917 1417 950 1470 ut
970 1410 1092 1482 existat,
1115 1430 1195 1486 quam

127 1493 201 1567 quod
224 1493 301 1550 Deus
322 1492 495 1551 exstiturum
517 1493 654 1564 decrevit,
677 1493 816 1568 sequitur,
837 1491 1042 1551 necessitatem
1057 1490 1197 1551 existendi

126 1572 156 1628 in
177 1572 309 1630 omnibus
330 1575 416 1631 rebus
437 1572 544 1631 creatis
558 1573 595 1631 ub
611 1579 721 1632 aeterno
736 1573 833 1632 fuisse.
852 1573 913 1631 Nec
927 1572 1023 1631 dicere
1038 1591 1196 1648 possumus,

126 1651 190 1709 illes
211 1671 274 1709 esse
295 1653 507 1727 contingentes,
530 1653 598 1729 quia
619 1654 697 1712 Deus
718 1653 796 1712 aliud
818 1652 982 1712 decrevisse
995 1652 1107 1728 potuit3
1122 1670 1194 1721 nam,

126 1751 189 1789 cum
211 1732 241 1789 in
263 1733 427 1791 aeternitate
447 1753 505 1791 non
527 1733 611 1791 detur
630 1736 755 1807 picando,
777 1753 831 1792 nec
852 1740 925 1805 crde,
947 1752 1002 1791 nec
1010 1740 1089 1807 poet,
1104 1750 1193 1807 neque

127 1812 185 1868 ulla
205 1812 319 1870 affectio
340 1813 486 1888 temporis,
508 1813 646 1888 sequitur,
662 1814 755 1872 Deum
769 1833 918 1889 nunquam
932 1816 1002 1871 ante
1015 1812 1068 1871 illa
1082 1813 1194 1871 decreta

127 1891 282 1961 exstitisse,
305 1898 338 1950 ut
358 1893 435 1951 aliud
457 1893 615 1952 decernere
636 1899 742 1969 posset.

156 1999 306 2043 ‹uacrrsano-
383 1999 465 2069 Quod
486 2019 555 2058 vero
577 2000 683 2059 attinet
704 2001 740 2059 ad
760 2000 924 2059 libertatem
942 2000 1079 2059 humanae
1101 1999 1195 2057 volun·

138 2061 420 2169 ”zssssflf‘gfgf'ffatis
453 2099 539 2155 quam
567 2080 687 2138 liberam
713 2100 775 2139 esse
797 2080 921 2138 diximus
943 2079 1056 2149 (Solet.
1080 2081 1194 2154 Propes.

152 2187 201 2239 „03
218 2191 239 2229 et
251 2201 317 2243 W,
344 2161 389 2218 15.
408 2167 488 2234 pert.
513 2162 560 2230 1.),
582 2161 631 2219 ills
645 2160 732 2219 etiam
747 2181 764 2219 a
779 2160 831 2220 Dei
845 2179 988 2219 concursu
998 2164 1194 2225 conservatur,

149 2249 323 2293 destinationis
343 2260 396 2298 nee
423 2240 499 2298 ullus
520 2241 604 2298 homo
625 2241 734 2317 aliquid
755 2242 820 2299 vult
842 2245 893 2300 aut
914 2244 1063 2316 operatur,
1085 2239 1141 2298 nisi
1160 2238 1195 2301 id.

159 2311 212 2367 Der,
226 2311 310 2355 loona.
343 2321 419 2395 quod
441 2321 519 2378 Deus
540 2323 576 2378 ab
599 2326 708 2379 aeterno
730 2320 867 2391 decrevit,
889 2324 922 2378 ut
942 2320 1033 2379 vellet
1054 2325 1085 2380 et
1098 2338 1196 2396 opera·
1239 2348 1241 2353 ·

147 2387 204 2417 nram
222 2378 320 2431 euplum
787 2401 793 2413 ·
903 2400 909 2412 ·
1016 2399 1022 2412 ·
1185 2407 1192 2416 .

171 2449 298 2492 superare.
341 2405 430 2458 retur.
472 2400 619 2491 Quomodo
655 2407 751 2460 autem
785 2402 814 2459 rd
848 2401 912 2459 fieri
944 2405 1052 2492 possit,
1084 2403 1197 2459 servate
1235 2436 1241 2449 ι

342 2481 467 2538 humanat
498 2481 641 2550 libertate,
664 2486 780 2557 captum
801 2485 932 2540 nostrum
952 2481 1085 2551 excsd1t;
1108 2499 1197 2557 neque
1235 2501 1241 2523 ε

127 2557 200 2628 ideo,
232 2560 307 2632 quod
337 2561 413 2618 clare
441 2560 623 2636 percipimus,
645 2566 764 2637 propter
784 2561 823 2631 id,
845 2561 921 2637 quod
942 2560 1125 2635 ignoramus,
1146 2559 1198 2618 erit
1236 2592 1241 2603 =

128 2637 329 2713 rejiciendum;
352 2641 428 2698 clare
449 2640 525 2699 enim
546 2646 576 2700 et
597 2641 732 2700 distincte
752 2641 949 2717 intelligimus,
970 2649 996 2699 sl
1017 2641 1055 2699 ud
1071 2645 1196 2700 nostram

159 2833 172 2857 *
189 2832 259 2878 Vera.
278 2833 348 2890 Belg.
365 2835 392 2879 in
409 2835 537 2893 margine:
557 2839 592 2894 Op
610 2836 653 2880 dat
670 2835 707 2880 dir
723 2835 804 2893 herculis
819 2835 864 2880 arel
878 2839 950 2893 pedat
964 2834 1055 2891 acarde,
1071 2839 1133 2880 meet
1148 2847 1196 2879 men

129 2895 198 2939 leiren
221 2909 251 2953 op
268 2895 286 2940 ’t
300 2910 359 2952 peon
378 2898 402 2942 in
421 2898 438 2942 ’t
456 2898 529 2943 ccede
545 2899 596 2943 decl
613 2899 682 2943 deses
698 2898 868 2954 canaanque
884 2901 983 2943 unirent
999 2897 1029 2942 de
1045 2898 1089 2943 wil
1107 2896 1197 2943 Ghodts

129 2959 150 3001 ts
167 2959 340 3014 conplorent.-
357 2960 475 3017 uomelijle
491 2961 533 3005 dul
553 2961 647 3005 (thedis
663 2961 712 3017 mil,
728 2961 757 3017 of
770 2959 907 3005 terrendus
919 2959 1021 3017 besluyt,
1033 2959 1128 3005 cledon
1138 2963 1198 3005 reret

127 3024 187 3063 erent
203 3026 328 3076 tur-staua,
345 3021 384 3065 als
400 3036 438 3078 rep
455 3022 483 3067 dc
499 3024 565 3067 scel·
581 3024 657 3068 lolam·
667 3037 696 3067 en
708 3022 928 3080 endersclree'dcle’jlc
938 3021 1080 3080 tepr'n'pem
1095 3027 1162 3067 scunt
1172 3020 1198 3065 de

128 3083 273 3127 wezenrllreit
298 3097 345 3127 vnn
367 3084 396 3128 de
411 3085 484 3139 zach,
503 3086 528 3129 tn
544 3086 596 3129 :tols
614 3085 783 3142 cooperuerit,
800 3086 823 3129 is
839 3085 890 3129 utet
906 3084 1000 3129 endere
1016 3083 1057 3128 als
1074 3085 1092 3129 ’t
1108 3083 1198 3140 desluyt

130 3144 231 3199 Ghodls,
252 3147 280 3202 of
300 3146 351 3202 :ijn
369 3146 518 3204 ufbepnolde
536 3148 583 3194 wil.
600 3149 672 3193 Mum·
687 3161 724 3204 my
740 3161 829 3204 zeyqen
846 3147 898 3202 eolo,
914 3146 958 3191 dut
974 3146 1003 3191 dc
1020 3145 1198 3203 nootzauklijlr·

127 3205 176 3249 hert
201 3221 248 3251 run
269 3208 412 3266 uuwndle'jlc
434 3214 455 3253 le
471 3210 530 3266 sijau
547 3211 597 3254 nr'et
614 3210 728 3254 rer-schin
745 3223 793 3254 von
810 3209 839 3254 de
855 3208 1077 3265 neotzaulrlijlrlree't
1093 3222 1142 3253 cun
1157 3220 1197 3252 we·

126 3268 237 3325 cenlhept
262 3271 360 3326 [lroofld.
386 3272 406 3315 e.
433 3272 484 3316 deel
509 3272 554 3327 (ὣς
580 3273 624 3316 dol
649 3274 678 3328 te,
700 3272 740 3316 cla
756 3285 903 3328 rryxeppen,
920 3271 964 3315 dat
983 3271 1066 3316 Gaude
1082 3269 1196 3316 tesloeteu

127 3329 198 3386 heeft,
223 3331 265 3375 dcl
291 3333 319 3377 de
336 3333 452 3378 drr'ehoel·
467 3334 518 3391 :lja
535 3335 583 3390 sul,
599 3348 641 3378 zoe
657 3334 739 3378 millen
756 3348 793 3391 roy
810 3335 860 3378 alet
877 3333 970 3378 undere
985 3346 1088 3390 κοσμῶ,
1102 3333 1141 3378 ote
1157 3332 1197 3377 dat

130 3392 210 3436 Ghodt
226 3393 309 3439 ‹l'orde
327 3409 372 3440 run
391 3396 419 3440 de
436 3397 529 3440 Nutuir·
544 3411 572 3440 en
590 3411 638 3441 nan
656 3396 803 3441 decucat-en
819 3396 888 3441 olzeo
898 3395 1020 3452 peschiold
1031 3394 1104 3453 heeft,
1115 3395 1159 3439 dat
1169 3408 1197 3451 op

126 3454 186 3498 sull-
202 3469 243 3500 een
261 3457 299 3514 lijt
316 3457 344 3502 ds
361 3458 475 3503 ‹ir-iehoel·
491 3459 658 3516 nootzaulde'jlr
674 3459 725 3516 :ijo
740 3458 817 3513 :or‹d;
832 3471 875 3503 zoe
892 3458 942 3514 dat,
961 3458 1046 3503 indico
1063 3472 1102 3516 cry
1117 3455 1197 3502 d‘erde

127 3516 172 3560 der·
195 3519 325 3574 nerent-en,
349 3520 479 3565 :oenomai
506 3522 545 3565 als
569 3535 596 3566 :e
620 3536 668 3565 ann
695 3521 775 3565 (rhode
798 3521 928 3577 pomerum
944 3520 974 3576 is,
992 3520 1146 3575 vermendes,
1161 3531 1196 3575 ary

126 3579 201 3624 secede
223 3580 338 3626 deru'ndea
356 3582 399 3626 dul
416 3583 444 3627 de
461 3584 576 3628 ‹lra'ehoelr
592 3598 621 3641 op
638 3584 697 3628 zull·
712 3597 753 3627 een
771 3583 811 3640 ttjt
827 3582 970 3639 rcezendltje
984 3581 1037 3640 zijn
1054 3586 1138 3638 vnoesr,
1154 3584 1197 3625 met

127 3641 155 3685 de
179 3642 242 3687 :elce
267 3645 497 3702 noorzanlelijlheir
521 3646 560 3690 ula
585 3660 622 3702 up
646 3660 681 3690 nrt
705 3645 829 3700 heuinden,
846 3658 962 3689 arannem·
977 3658 1016 3701 roy
1033 3657 1064 3702 ep
1082 3645 1124 3690 des
1140 3641 1197 3700 salse

127 3708 217 3749 nullm·
242 3707 322 3760 lettere,
347 3706 390 3750 dul
414 3709 465 3764 :iJ'n
489 3708 544 3752 ἀνία
567 3709 654 3753 hoel-en
671 3708 748 3765 pelijl·
763 3708 814 3765 :ijs
831 3712 877 3751 met
894 3712 950 3752 lires
966 3707 1053 3751 rectio.
1072 3705 1190 3763 intellige

127 3766 218 3813 eertum
242 3782 348 3828 prorsus
374 3770 527 3815 necessitate
549 3783 632 3816 rerum
651 3771 813 3816 existentiam
832 3773 907 3827 etque
925 3769 1065 3814 esseut-iem
1084 3783 1098 3814 u
1115 3767 1197 3814 divine

127 3831 244 3885 petentia
260 3831 396 3890 proficisci.
